symbol,date,Revenue,Revenue Growth,Cost of Revenue,Gross Profit,R&D Expenses,SG&A Expense,Operating Expenses,Operating Income,Interest Expense,Earnings before Tax,Income Tax Expense,Net Income - Non-Controlling int,Net Income - Discontinued ops,Net Income,Preferred Dividends,Net Income Com,EPS,EPS Diluted,Weighted Average Shs Out,Weighted Average Shs Out (Dil),Dividend per Share,Gross Margin,EBITDA Margin,EBIT Margin,Profit Margin,Free Cash Flow margin,EBITDA,EBIT,Consolidated Income,Earnings Before Tax Margin,Net Profit Margin,Cash and cash equivalents,Short-term investments,Cash and short-term investments,Receivables,Inventories,Total current assets,"Property, Plant & Equipment Net",Goodwill and Intangible Assets,Long-term investments,Tax assets,Total non-current assets,Total assets,Payables,Short-term debt,Total current liabilities,Long-term debt,Total debt,Deferred revenue,Tax Liabilities,Deposit Liabilities,Total non-current liabilities,Total liabilities,Other comprehensive income,Retained earnings (deficit),Total shareholders equity,Investments,Net Debt,Other Assets,Other Liabilities,Depreciation & Amortization,Stock-based compensation,Operating Cash Flow,Capital Expenditure,Acquisitions and disposals,Investment purchases and sales,Investing Cash flow,Issuance (repayment) of debt,Issuance (buybacks) of shares,Dividend payments,Financing Cash Flow,Effect of forex changes on cash,Net cash flow / Change in cash,Free Cash Flow,Net Cash/Marketcap
PG,2019-06-30,67684000000.0,0.0127483840077,34768000000.0,32916000000.0,1900000000.0,19084000000.0,20984000000.0,5487000000.0,509000000.0,6069000000.0,2103000000.0,0.0,0.0,3897000000.0,263000000.0,3897000000.0,1.45,1.43,2503600000.0,2539500000.0,2.95254971451,0.486318775486,0.122791206193,0.0810679037882,0.0575763843744,0.175743159388,8311000000.0,5487000000.0,3897000000.0,0.0896666863661,0.0575763843744,4239000000.0,6048000000.0,10287000000.0,4951000000.0,5017000000.0,22473000000.0,21271000000.0,64488000000.0,0.0,0.0,92622000000.0,1.15095e+11,11260000000.0,9697000000.0,30011000000.0,20395000000.0,30092000000.0,0.0,0.0,0.0,37505000000.0,67516000000.0,0.0,94918000000.0,47579000000.0,6048000000.0,25853000000.0,0.0,0.0,2824000000.0,515000000.0,15242000000.0,3347000000.0,-3945000000.0,-5003000000.0,-3578000000.0,-969000000.0,-5003000000.0,-7498000000.0,-9994000000.0,-88000000.0,1670000000.0,11895000000.0,0.0
PG,2018-06-30,66832000000.0,0.0272679762673,34268000000.0,32564000000.0,1900000000.0,18853000000.0,20753000000.0,13711000000.0,506000000.0,13326000000.0,3465000000.0,0.0,0.0,9750000000.0,265000000.0,9750000000.0,3.75,3.67,2529300000.0,2656700000.0,2.75153385779,0.487251615992,0.247561048599,0.205156212593,0.145888197271,0.16683624611,16545000000.0,13711000000.0,9750000000.0,0.199395499162,0.145888197271,2569000000.0,9281000000.0,11850000000.0,4686000000.0,4738000000.0,23320000000.0,20600000000.0,69077000000.0,0.0,0.0,94990000000.0,1.1831e+11,10344000000.0,10423000000.0,28237000000.0,20863000000.0,31286000000.0,0.0,0.0,0.0,37190000000.0,65427000000.0,0.0,98641000000.0,52883000000.0,9281000000.0,28717000000.0,0.0,0.0,2834000000.0,395000000.0,14867000000.0,3717000000.0,-109000000.0,-7004000000.0,-3492000000.0,-2873000000.0,-7004000000.0,-7310000000.0,-14375000000.0,19000000.0,-3000000000.0,11150000000.0,0.0
PG,2017-06-30,65058000000.0,-0.00369071501861,32535000000.0,32523000000.0,1900000000.0,18568000000.0,20468000000.0,13955000000.0,465000000.0,13257000000.0,3063000000.0,0.0,0.0,15326000000.0,247000000.0,15326000000.0,5.8,5.59,2598100000.0,2740400000.0,2.64049043935,0.499907774601,0.257846844354,0.214500906883,0.235574410526,0.144009960343,16775000000.0,13955000000.0,15326000000.0,0.203772018814,0.235574410526,5569000000.0,9568000000.0,15137000000.0,4594000000.0,4624000000.0,26494000000.0,19893000000.0,68886000000.0,0.0,0.0,93912000000.0,1.20406e+11,9632000000.0,13554000000.0,30210000000.0,18038000000.0,31592000000.0,0.0,0.0,0.0,34418000000.0,64628000000.0,0.0,96124000000.0,55778000000.0,9568000000.0,26023000000.0,0.0,0.0,2820000000.0,351000000.0,12753000000.0,3384000000.0,-16000000.0,-5204000000.0,-5689000000.0,-4931000000.0,-5204000000.0,-7236000000.0,-8568000000.0,-29000000.0,-1533000000.0,9369000000.0,0.0
PG,2016-06-30,65299000000.0,-0.143945253608,32909000000.0,32390000000.0,1900000000.0,18949000000.0,20849000000.0,13441000000.0,579000000.0,13369000000.0,3342000000.0,0.0,0.0,10508000000.0,255000000.0,10508000000.0,3.8,3.69,2698900000.0,2844400000.0,2.61425959781,0.496025972833,0.252974777562,0.205837761681,0.160921300479,0.185623057015,16519000000.0,13441000000.0,10508000000.0,0.204735141426,0.160921300479,7102000000.0,6246000000.0,13348000000.0,4373000000.0,4716000000.0,33782000000.0,19385000000.0,68877000000.0,0.0,1507000000.0,93354000000.0,1.27136e+11,9325000000.0,11653000000.0,30770000000.0,18945000000.0,30598000000.0,0.0,0.0,0.0,38383000000.0,69153000000.0,0.0,87953000000.0,57983000000.0,6246000000.0,23496000000.0,0.0,0.0,3078000000.0,335000000.0,15435000000.0,3314000000.0,-186000000.0,-4004000000.0,-5575000000.0,-2213000000.0,-4004000000.0,-7436000000.0,-9213000000.0,-381000000.0,266000000.0,12121000000.0,0.0
PG,2015-06-30,76279000000.0,-0.0816618911175,38876000000.0,37403000000.0,2000000000.0,23585000000.0,25585000000.0,11790000000.0,626000000.0,11846000000.0,2916000000.0,0.0,0.0,7036000000.0,259000000.0,7036000000.0,2.5,2.44,2711700000.0,2883600000.0,2.52704952143,0.490344655803,0.195650178948,0.15456416576,0.0922403282686,0.142529398655,14924000000.0,11790000000.0,7036000000.0,0.155298312773,0.0922403282686,6845000000.0,4767000000.0,11612000000.0,4861000000.0,5454000000.0,29646000000.0,20268000000.0,74145000000.0,0.0,1356000000.0,99849000000.0,1.29495e+11,8257000000.0,12021000000.0,29790000000.0,18329000000.0,30350000000.0,0.0,0.0,0.0,36655000000.0,66445000000.0,0.0,84807000000.0,63050000000.0,4767000000.0,23505000000.0,0.0,0.0,3134000000.0,337000000.0,14608000000.0,3736000000.0,-137000000.0,-4604000000.0,-2891000000.0,-3512000000.0,-4604000000.0,-7287000000.0,-13019000000.0,-411000000.0,-1713000000.0,10872000000.0,0.0
PG,2014-06-30,83062000000.0,-0.0131286608766,42460000000.0,40602000000.0,2000000000.0,25314000000.0,27314000000.0,15288000000.0,709000000.0,14885000000.0,3178000000.0,0.0,0.0,11643000000.0,253000000.0,11643000000.0,4.19,4.01,2719800000.0,2904700000.0,2.37924742658,0.48881558354,0.221870410055,0.184055284005,0.140172401339,0.1217163083,18429000000.0,15288000000.0,11643000000.0,0.179203486552,0.140172401339,8558000000.0,2128000000.0,10686000000.0,6386000000.0,6759000000.0,31617000000.0,22304000000.0,84547000000.0,0.0,1092000000.0,1.12649e+11,1.44266e+11,8461000000.0,15606000000.0,33726000000.0,19811000000.0,35417000000.0,0.0,0.0,0.0,40564000000.0,74290000000.0,0.0,84990000000.0,69976000000.0,2128000000.0,26859000000.0,0.0,0.0,3141000000.0,360000000.0,13958000000.0,3848000000.0,-24000000.0,-6005000000.0,-4068000000.0,-4095000000.0,-6005000000.0,-6911000000.0,-7279000000.0,39000000.0,2611000000.0,10110000000.0,0.0
GIS,2019-05-26,16865200000.0,0.0714594292394,11108400000.0,5756800000.0,221900000.0,2935800000.0,3157700000.0,2515900000.0,521800000.0,1788200000.0,367800000.0,0.0,0.0,1752700000.0,0.0,1752700000.0,2.92,2.9,600400000.0,605400000.0,1.95193260654,0.341341934872,0.185945022887,0.149177003534,0.103924056637,0.134561108081,3136000000.0,2515900000.0,1752700000.0,0.106028982757,0.103924056637,450000000.0,52800000.0,502800000.0,1708500000.0,1559300000.0,4186500000.0,3787200000.0,21162600000.0,52800000.0,534600000.0,25924700000.0,30111200000.0,2854100000.0,1396500000.0,7087100000.0,11624800000.0,13021300000.0,0.0,37500000.0,0.0,15104700000.0,23056700000.0,0.0,14996700000.0,7054500000.0,105600000.0,12571300000.0,0.0,864900000.0,620100000.0,84900000.0,2807000000.0,537600000.0,-0.0,-1100000.0,-579600000.0,-1493800000.0,-1100000.0,-1181700000.0,-2176400000.0,-23100000.0,51000000.0,2269400000.0,0.0
GIS,2018-05-27,15740400000.0,0.00772096953866,10312900000.0,5427500000.0,219100000.0,2752600000.0,2971700000.0,2509300000.0,373700000.0,1884000000.0,57300000.0,0.0,0.0,2131000000.0,0.0,2131000000.0,3.69,3.64,576800000.0,585700000.0,1.9458767287,0.344813346548,0.198730654875,0.159417803868,0.135384107138,0.140930344845,3128100000.0,2509300000.0,2131000000.0,0.119692002745,0.135384107138,399000000.0,28900000.0,427900000.0,1712600000.0,1642200000.0,4123700000.0,4047200000.0,21510100000.0,26900000.0,520800000.0,26500300000.0,30624000000.0,2746200000.0,1600100000.0,7341900000.0,12668700000.0,14268800000.0,0.0,94800000.0,0.0,16013500000.0,24482900000.0,0.0,14459600000.0,6141100000.0,55800000.0,13869800000.0,0.0,1127500000.0,618800000.0,77000000.0,2841000000.0,622700000.0,-8035800000.0,-601600000.0,-8653600000.0,-600100000.0,368300000.0,-1139700000.0,5445500000.0,31800000.0,-367100000.0,2218300000.0,0.0
GIS,2017-05-28,15619800000.0,-0.056951899101,10056000000.0,5563800000.0,218200000.0,2801300000.0,3019500000.0,2566400000.0,295100000.0,1941600000.0,655200000.0,0.0,0.0,1657500000.0,0.0,1657500000.0,2.82,2.77,587100000.0,598000000.0,1.89816053512,0.35620174394,0.202947540942,0.164304280465,0.106115315177,0.104284305817,3170000000.0,2566400000.0,1657500000.0,0.124303768294,0.106115315177,766100000.0,275400000.0,1041500000.0,1454400000.0,1483600000.0,4061400000.0,3687700000.0,13277600000.0,0.0,973400000.0,17751200000.0,21812600000.0,2119800000.0,604700000.0,5330800000.0,7642900000.0,8247600000.0,0.0,58000000.0,0.0,10885400000.0,17484700000.0,0.0,13138900000.0,4327900000.0,275400000.0,7481500000.0,0.0,1268500000.0,603600000.0,95700000.0,2313300000.0,684400000.0,-0.0,-1651500000.0,-665400000.0,-1000000000.0,-1651500000.0,-1135100000.0,-1645500000.0,-18500000.0,2400000.0,1628900000.0,0.0
GIS,2016-05-29,16563100000.0,-0.0605321520337,10733600000.0,5829500000.0,222100000.0,3118900000.0,3341000000.0,2707400000.0,303800000.0,1941400000.0,755200000.0,0.0,0.0,1697400000.0,0.0,1697400000.0,2.83,2.77,598900000.0,611900000.0,1.75142997222,0.351957061178,0.200173880493,0.163459738817,0.102480815789,0.114743013083,3315500000.0,2707400000.0,1697400000.0,0.11721235759,0.102480815789,763700000.0,174200000.0,937900000.0,1390400000.0,1413700000.0,3937200000.0,3743600000.0,13279800000.0,12700000.0,1231000000.0,17775100000.0,21712300000.0,2046500000.0,1103400000.0,5014700000.0,7057700000.0,8161100000.0,0.0,110500000.0,0.0,10544900000.0,16782100000.0,0.0,12616500000.0,4930200000.0,186900000.0,7397400000.0,0.0,1222500000.0,608100000.0,89800000.0,2629800000.0,729300000.0,-84000000.0,-606700000.0,85300000.0,-1000400000.0,-606700000.0,-1071700000.0,-2285600000.0,-8100000.0,429500000.0,1900500000.0,0.0
GIS,2015-05-31,17630300000.0,-0.0155949881628,11681100000.0,5949200000.0,229400000.0,3328000000.0,3557400000.0,2077300000.0,315400000.0,1338600000.0,586800000.0,0.0,0.0,1221300000.0,0.0,1221300000.0,2.02,1.97,603300000.0,618800000.0,1.64463477699,0.337441790554,0.151194250807,0.117825561675,0.0692727860558,0.103821262259,2665600000.0,2077300000.0,1221300000.0,0.0759261044906,0.0692727860558,334200000.0,10900000.0,345100000.0,1412000000.0,1540900000.0,3785700000.0,3783300000.0,13551900000.0,30700000.0,100100000.0,18178800000.0,21964500000.0,1684000000.0,1000400000.0,4890100000.0,7607700000.0,8608100000.0,0.0,20700000.0,0.0,10902800000.0,16967800000.0,0.0,11990800000.0,4996700000.0,41600000.0,8273900000.0,0.0,1174900000.0,588300000.0,106400000.0,2542800000.0,712400000.0,-822300000.0,-1161900000.0,-1691100000.0,-1145800000.0,-1161900000.0,-1017700000.0,-1384800000.0,-88900000.0,-533100000.0,1830400000.0,0.0
GIS,2014-05-25,17909600000.0,0.00762345210165,11539800000.0,6369800000.0,243600000.0,3474300000.0,3717900000.0,2957400000.0,302400000.0,2181400000.0,883300000.0,0.0,0.0,1824400000.0,0.0,1824400000.0,2.9,2.83,628600000.0,645700000.0,1.52284342574,0.355664001429,0.19781569661,0.165129316121,0.101867155045,0.104832045383,3542800000.0,2957400000.0,1824400000.0,0.121800598562,0.101867155045,867300000.0,326000000.0,1193300000.0,1504600000.0,1559400000.0,4393500000.0,3941900000.0,13664800000.0,68200000.0,74100000.0,18752200000.0,23145700000.0,1611300000.0,1250600000.0,5423500000.0,6423500000.0,7674100000.0,0.0,63100000.0,0.0,9732700000.0,16610900000.0,0.0,11787200000.0,6534800000.0,394200000.0,6806800000.0,0.0,1454700000.0,585400000.0,108500000.0,2541000000.0,663500000.0,-0.0,-1745300000.0,-591000000.0,-1444800000.0,-1745300000.0,-983300000.0,-1824100000.0,-29200000.0,125900000.0,1877500000.0,0.0
MDLZ,2019-12-31,25868000000.0,-0.00269874315676,15531000000.0,10337000000.0,351000000.0,6136000000.0,6661000000.0,3843000000.0,0.0,3447000000.0,2000000.0,0.0,0.0,3870000000.0,0.0,3870000000.0,2.68,2.65,1445000000.0,1458000000.0,1.05761316872,0.399605690428,0.189036647595,0.148561929797,0.149605690428,0.117519715479,4890000000.0,3843000000.0,3870000000.0,0.133253440544,0.149605690428,1291000000.0,715000000.0,1291000000.0,2212000000.0,2546000000.0,7630000000.0,568000000.0,38805000000.0,0.0,726000000.0,56919000000.0,64549000000.0,5853000000.0,1581000000.0,15322000000.0,14207000000.0,15788000000.0,0.0,0.0,0.0,19896000000.0,37274000000.0,10880000000,26653000000.0,27275000000.0,715000000.0,14497000000.0,0.0,2056000000.0,1047000000.0,135000000.0,3965000000.0,925000000.0,-284000000.0,-1480000000.0,-960000000.0,-2677000000.0,-1480000000.0,-1542000000.0,-2787000000.0,10000000.0,228000000.0,3040000000.0,0.0
MDLZ,2018-12-31,25938000000.0,0.0016218721038,15586000000.0,10352000000.0,362000000.0,6475000000.0,7013000000.0,3312000000.0,0.0,2760000000.0,773000000.0,0.0,0.0,3381000000.0,0.0,3381000000.0,2.3,2.28,1472000000.0,1486000000.0,0.914535666218,0.399105559411,0.158955971933,0.127689104788,0.130349294471,0.109993060375,4123000000.0,3312000000.0,3381000000.0,0.106407587324,0.130349294471,1100000000.0,744000000.0,1100000000.0,2262000000.0,2592000000.0,7604000000.0,8482000000.0,38727000000.0,0.0,255000000.0,55125000000.0,62729000000.0,5794000000.0,2648000000.0,16737000000.0,12532000000.0,15180000000.0,0.0,0.0,0.0,18707000000.0,37092000000.0,11776000000,24491000000.0,25637000000.0,744000000.0,14080000000.0,0.0,1648000000.0,811000000.0,128000000.0,3948000000.0,1095000000.0,-528000000.0,-2020000000.0,-1280000000.0,-1821000000.0,-2020000000.0,-1359000000.0,-2329000000.0,-56000000.0,339000000.0,2853000000.0,0.0
MDLZ,2017-12-31,25896000000.0,-0.00104154611735,15831000000.0,10065000000.0,366000000.0,5911000000.0,6455000000.0,3506000000.0,0.0,4088000000.0,688000000.0,0.0,0.0,2922000000.0,0.0,2922000000.0,1.93,1.91,1513000000.0,1531000000.0,0.782495101241,0.388670064875,0.166898362681,0.135387704665,0.112835959222,0.0609746679024,4322000000.0,3506000000.0,2922000000.0,0.157862218103,0.112835959222,761000000.0,835000000.0,761000000.0,2691000000.0,2557000000.0,7520000000.0,8677000000.0,39724000000.0,0.0,319000000.0,55589000000.0,63109000000.0,5705000000.0,1163000000.0,15793000000.0,12972000000.0,14135000000.0,0.0,0.0,0.0,19037000000.0,36998000000.0,13360000000,22749000000.0,26111000000.0,835000000.0,13374000000.0,0.0,2168000000.0,816000000.0,137000000.0,2593000000.0,1014000000.0,-0.0,-2174000000.0,-212000000.0,-1470000000.0,-2174000000.0,-1198000000.0,-3361000000.0,89000000.0,-980000000.0,1579000000.0,0.0
MDLZ,2016-12-31,25923000000.0,-0.125286813335,15795000000.0,10128000000.0,376000000.0,6540000000.0,7092000000.0,2569000000.0,0.0,516000000.0,129000000.0,0.0,0.0,1659000000.0,0.0,1659000000.0,1.07,1.05,1556000000.0,1573000000.0,0.69548633185,0.390695521352,0.130849052965,0.0991011842765,0.0639972225437,0.0622613123481,3392000000.0,2569000000.0,1659000000.0,0.019905103576,0.0639972225437,1741000000.0,859000000.0,1741000000.0,2611000000.0,2469000000.0,8480000000.0,8229000000.0,38377000000.0,0.0,358000000.0,53058000000.0,61538000000.0,5318000000.0,1451000000.0,14417000000.0,13217000000.0,14668000000.0,0.0,0.0,0.0,19510000000.0,36377000000.0,15134000000,21149000000.0,25161000000.0,859000000.0,12927000000.0,0.0,2450000000.0,823000000.0,140000000.0,2838000000.0,1224000000.0,-246000000.0,-2601000000.0,-1105000000.0,-6186000000.0,-2601000000.0,-1094000000.0,-1862000000.0,-76000000.0,-129000000.0,1614000000.0,0.0
MDLZ,2015-12-31,29636000000.0,-0.134563719192,18124000000.0,11512000000.0,409000000.0,7577000000.0,8167000000.0,8897000000.0,0.0,7291000000.0,593000000.0,0.0,0.0,7267000000.0,0.0,7267000000.0,4.49,4.44,1618000000.0,1637000000.0,0.615760537569,0.388446484006,0.330375219328,0.300209205021,0.245208530166,0.0747064381158,9791000000.0,8897000000.0,7267000000.0,0.246018356053,0.245208530166,1870000000.0,1212000000.0,1870000000.0,2634000000.0,2609000000.0,8958000000.0,8362000000.0,39432000000.0,0.0,0.0,53885000000.0,62843000000.0,4890000000.0,605000000.0,10922000000.0,14557000000.0,15162000000.0,0.0,0.0,0.0,21139000000.0,34831000000.0,17298000000,20700000000.0,28012000000.0,1212000000.0,13292000000.0,0.0,2770000000.0,894000000.0,136000000.0,3728000000.0,1514000000.0,-527000000.0,-3622000000.0,2394000000.0,-4975000000.0,-3622000000.0,-1008000000.0,-5883000000.0,-255000000.0,239000000.0,2214000000.0,0.0
MDLZ,2014-12-31,34244000000.0,-0.0298875322247,21647000000.0,12597000000.0,455000000.0,8457000000.0,9118000000.0,3242000000.0,0.0,2201000000.0,353000000.0,0.0,0.0,2184000000.0,0.0,2184000000.0,1.29,1.28,1691000000.0,1709000000.0,0.564072557051,0.367860063077,0.125598645018,0.0946735194487,0.0637775960752,0.0560682163299,4301000000.0,3242000000.0,2184000000.0,0.0642740334073,0.0637775960752,1631000000.0,1429000000.0,1631000000.0,3802000000.0,3480000000.0,11750000000.0,9827000000.0,43724000000.0,0.0,480000000.0,55065000000.0,66815000000.0,5299000000.0,1530000000.0,14007000000.0,13865000000.0,15395000000.0,0.0,0.0,0.0,21517000000.0,39065000000.0,20539000000,14529000000.0,27750000000.0,1429000000.0,13764000000.0,0.0,3541000000.0,1059000000.0,141000000.0,3562000000.0,1642000000.0,-7000000.0,-1700000000.0,-1865000000.0,-3017000000.0,-1700000000.0,-964000000.0,-2688000000.0,-223000000.0,-991000000.0,1920000000.0,0.0
KHC,2019-12-28,24977000000.0,-0.0491472514086,16830000000.0,8147000000.0,112000000.0,5077000000.0,5189000000.0,3070000000.0,1361000000.0,2661000000.0,728000000.0,0.0,0.0,1935000000.0,0.0,1935000000.0,1.59,1.58,1221000000.0,1224000000.0,1.59558823529,0.326180085679,0.150458421748,0.122913080034,0.0774712735717,0.111462545542,3758000000.0,3070000000.0,1935000000.0,0.106538014974,0.0774712735717,2279000000.0,679000000.0,2279000000.0,1973000000.0,2721000000.0,8097000000.0,7055000000.0,84198000000.0,0.0,173000000.0,93353000000.0,1.0145e+11,4003000000.0,1022000000.0,7875000000.0,28216000000.0,29238000000.0,0.0,0.0,0.0,41553000000.0,49827000000.0,56557000000,-3060000000.0,51623000000.0,679000000.0,26959000000.0,0.0,399000000.0,688000000.0,46000000.0,3552000000.0,768000000.0,-199000000.0,0.0,1511000000.0,-4795000000.0,-2279000000.0,-1953000000.0,-3913000000.0,-6000000.0,1144000000.0,2784000000.0,0.0
KHC,2018-12-29,26268000000.0,0.00137236962489,17347000000.0,8921000000.0,109000000.0,19141000000.0,19250000000.0,-10220000000.0,1284000000.0,-11321000000.0,-1067000000.0,0.0,0.0,-10192000000.0,0.0,-10192000000.0,-8.36,-8.36,1219000000.0,1219000000.0,2.61115668581,0.339614740369,-0.364550022841,-0.389066544845,-0.388000609106,0.0665448454393,-9576000000.0,-10220000000.0,-10192000000.0,-0.43098066088,-0.388000609106,1130000000.0,1928000000.0,1130000000.0,2129000000.0,2667000000.0,9075000000.0,7078000000.0,85971000000.0,0.0,152000000.0,94386000000.0,1.03461e+11,4153000000.0,377000000.0,7503000000.0,30770000000.0,31147000000.0,0.0,0.0,0.0,43874000000.0,51804000000.0,58441000000,-4853000000.0,51657000000.0,1928000000.0,30017000000.0,0.0,427000000.0,644000000.0,33000000.0,2574000000.0,826000000.0,-248000000.0,0.0,288000000.0,-2713000000.0,-1130000000.0,-3183000000.0,-3363000000.0,-132000000.0,-633000000.0,1748000000.0,0.0
KHC,2017-12-30,26232000000.0,-0.00962736436743,16529000000.0,9703000000.0,93000000.0,2930000000.0,3023000000.0,6773000000.0,1234000000.0,5530000000.0,-5460000000.0,0.0,0.0,10999000000.0,0.0,10999000000.0,9.03,8.95,1218000000.0,1228000000.0,2.35179153094,0.369891735285,0.285186032327,0.258196096371,0.419297041781,-0.0263037511436,7481000000.0,6773000000.0,10999000000.0,0.210811222934,0.419297041781,1629000000.0,935000000.0,1629000000.0,921000000.0,2815000000.0,7266000000.0,7120000000.0,1.04273e+11,0.0,582000000.0,1.12966e+11,1.20232e+11,4449000000.0,2743000000.0,10132000000.0,28333000000.0,31076000000.0,0.0,152000000.0,0.0,43426000000.0,54198000000.0,58487000000,8589000000.0,66034000000.0,935000000.0,29447000000.0,0.0,640000000.0,708000000.0,46000000.0,527000000.0,1217000000.0,-0.0,0.0,1156000000.0,-2644000000.0,-1629000000.0,-2888000000.0,-4226000000.0,57000000.0,-2486000000.0,-690000000.0,0.0
KHC,2016-12-31,26487000000.0,0.444377794743,16901000000.0,9586000000.0,120000000.0,3444000000.0,3564000000.0,6142000000.0,1134000000.0,5023000000.0,1381000000.0,0.0,0.0,3632000000.0,180000000.0,3632000000.0,2.84,2.81,1217000000.0,1226000000.0,2.9233278956,0.361913391475,0.269792728508,0.23188734096,0.137123872088,0.150677690943,7146000000.0,6142000000.0,3632000000.0,0.189640200853,0.137123872088,4204000000.0,129000000.0,4204000000.0,769000000.0,2684000000.0,8753000000.0,6688000000.0,1.03422e+11,0.0,0.0,1.11727e+11,1.2048e+11,3996000000.0,2046000000.0,9501000000.0,29713000000.0,31759000000.0,0.0,255000000.0,0.0,51367000000.0,63122000000.0,58386000000,588000000.0,57358000000.0,129000000.0,27555000000.0,0.0,2254000000.0,1004000000.0,46000000.0,5238000000.0,1247000000.0,-0.0,0.0,-1113000000.0,-86000000.0,-4204000000.0,-3584000000.0,-4621000000.0,-137000000.0,-633000000.0,3991000000.0,0.0
KHC,2016-01-03,18338000000.0,0.678996520784,12577000000.0,5761000000.0,105000000.0,3122000000.0,3227000000.0,2639000000.0,1321000000.0,1013000000.0,366000000.0,0.0,0.0,634000000.0,900000000.0,634000000.0,-0.34,-0.34,786000000.0,786000000.0,1.65648854962,0.314156396554,0.178154651543,0.143908823209,0.0345730177773,0.099192932708,3267000000.0,2639000000.0,634000000.0,0.0552404842404,0.0345730177773,4837000000.0,583000000.0,4837000000.0,871000000.0,2618000000.0,9780000000.0,6524000000.0,1.05171e+11,0.0,0.0,1.13193e+11,1.22973e+11,2844000000.0,1324000000.0,6932000000.0,25151000000.0,26475000000.0,0.0,417000000.0,0.0,47400000000.0,65288000000.0,58344000000,0.0,57685000000.0,583000000.0,21638000000.0,0.0,10956000000.0,628000000.0,133000000.0,2467000000.0,648000000.0,-9468000000.0,0.0,-9704000000.0,-12265000000.0,-4837000000.0,-1302000000.0,10183000000.0,-407000000.0,2539000000.0,1819000000.0,0.0
KHC,2014-12-28,10922000000.0,,7645000000.0,3277000000.0,0.0,1709000000.0,1709000000.0,1568000000.0,686000000.0,788000000.0,131000000.0,15000000.0,0.0,657000000.0,720000000.0,-63000000.0,-0.17,-0.17,,,0.0,0.3,0.183,0.135,-0.006,0.1594,2004000000.0,1474000000.0,672000000.0,0.0721,0.0602,2298000000.0,0.0,2298000000.0,851000000.0,1185000000.0,4915000000.0,2365000000.0,28147000000.0,0.0,0.0,31656000000.0,36571000000.0,1651000000.0,0.0,3092000000.0,13358000000.0,13358000000.0,0.0,4099000000.0,0.0,17794000000.0,20886000000.0,-574000000.0,0.0,7117000000.0,0.0,11060000000.0,581000000.0,1441000000.0,530000000.0,8000000.0,2140000000.0,-399000000.0,0.0,0.0,-349000000.0,-1103000000.0,0.0,0.0,-1820000000.0,-132000000.0,-161000000.0,1741000000.0,-0.1299
NWL,2019-12-31,9714900000.0,0.125595244992,6495500000.0,3219400000.0,149000000.0,2451000000.0,2600000000.0,-481700000.0,303300000.0,-851600000.0,-1037700000.0,0.0,0.0,106600000.0,0.0,106600000.0,0.25,0.25,423300000.0,423900000.0,0.920736022647,0.33138786812,-0.00367476762499,-0.0495836292705,0.0109728355413,0.0801963993453,-35700000.0,-481700000.0,106600000.0,-0.0876591627294,0.0109728355413,348600000.0,0.0,348600000.0,1841500000.0,1606700000.0,4109900000.0,1154900000.0,8625200000.0,0.0,775500000.0,11532100000.0,15642000000.0,1101400000.0,332400000.0,2978000000.0,5391300000.0,5723700000.0,0.0,0.0,0.0,7126600000.0,10678700000.0,7840300000,-2404200000.0,4963300000.0,0.0,5375100000.0,0.0,574100000.0,446000000.0,42500000.0,1044000000.0,264900000.0,-0.0,0.0,734800000.0,-1004000000.0,0.0,-390300000.0,-1903600000.0,-600000.0,-124800000.0,779100000.0,0.0
NWL,2018-12-31,8630900000.0,-0.414544640556,5622100000.0,3008800000.0,135000000.0,2434800000.0,2569800000.0,-7828500000.0,446300000.0,-8267700000.0,-1478100000.0,0.0,0.0,-6917900000.0,0.0,-6917900000.0,-14.6,-14.6,473700000.0,473700000.0,0.917458306945,0.348607908793,-0.856758854812,-0.907031711641,-0.801527071337,0.0342490354424,-7394600000.0,-7828500000.0,-6917900000.0,-0.957918641161,-0.801527071337,495700000.0,0.0,495700000.0,1850700000.0,1583100000.0,7748800000.0,925600000.0,8549800000.0,0.0,165200000.0,9967600000.0,17716400000.0,1019500000.0,318700000.0,3330000000.0,6696300000.0,7015000000.0,0.0,0.0,0.0,9108600000.0,12473400000.0,8196400000,-2486700000.0,5243000000.0,0.0,6519300000.0,0.0,34800000.0,433900000.0,75700000.0,680000000.0,384400000.0,-0.0,-1507300000.0,4784500000.0,-2579900000.0,-1507300000.0,-434600000.0,-5454500000.0,-22900000.0,10000000.0,295600000.0,0.0
NWL,2017-12-31,14742200000.0,0.11144451146,9652900000.0,5089300000.0,224000000.0,3669100000.0,3893100000.0,1225700000.0,468900000.0,1429000000.0,-1319800000.0,0.0,0.0,2748800000.0,0.0,2748800000.0,5.65,5.63,486700000.0,488000000.0,0.878278688525,0.345219845071,0.126256596709,0.0831422718455,0.186457923512,0.0356663184599,1861300000.0,1225700000.0,2748800000.0,0.0969326152135,0.186457923512,485700000.0,0.0,485700000.0,2674000000.0,2498800000.0,6078000000.0,1707500000.0,24796100000.0,0.0,151200000.0,27057500000.0,33135500000.0,1761600000.0,662800000.0,4316800000.0,9889600000.0,10552400000.0,0.0,0.0,0.0,14637400000.0,18990800000.0,9788500000,4611200000.0,14144700000.0,0.0,10066700000.0,0.0,36600000.0,635600000.0,70900000.0,932000000.0,406200000.0,-634300000.0,-152400000.0,1127800000.0,-1512200000.0,-152400000.0,-428600000.0,-2161600000.0,49300000.0,-101800000.0,525800000.0,0.0
NWL,2016-12-31,13264000000.0,1.24216914313,8865200000.0,4398800000.0,188200000.0,3221100000.0,3409300000.0,1100100000.0,404500000.0,814500000.0,286000000.0,0.0,0.0,527800000.0,0.0,527800000.0,1.25,1.25,421300000.0,423100000.0,0.776648546443,0.331634499397,0.115900180941,0.0829387816647,0.0397919179735,0.104576296743,1537300000.0,1100100000.0,527800000.0,0.0614068154403,0.0397919179735,587500000.0,0.0,587500000.0,2746900000.0,2116000000.0,7484500000.0,1543400000.0,24330700000.0,0.0,95300000.0,26353000000.0,33837500000.0,1518900000.0,601900000.0,4292000000.0,11290900000.0,11892800000.0,0.0,0.0,0.0,18161100000.0,22488700000.0,9598900000,2289900000.0,11348800000.0,0.0,11305300000.0,0.0,35600000.0,437200000.0,63900000.0,1828500000.0,441400000.0,-8635200000.0,0.0,-8824800000.0,-458600000.0,0.0,-328600000.0,7340400000.0,-31400000.0,312700000.0,1387100000.0,0.0
NWL,2015-12-31,5915700000.0,0.0329491880566,3611100000.0,2304600000.0,112600000.0,1573900000.0,1686500000.0,601400000.0,79900000.0,337500000.0,78200000.0,0.0,0.0,350000000.0,0.0,350000000.0,1.3,1.29,269300000.0,271500000.0,0.75985267035,0.389573507784,0.130669236101,0.101661679936,0.0591645959058,0.0599083793972,773000000.0,601400000.0,350000000.0,0.0570515746235,0.0591645959058,274800000.0,0.0,274800000.0,1250700000.0,721800000.0,2493500000.0,599200000.0,3854900000.0,0.0,38500000.0,4784500000.0,7278000000.0,642400000.0,5900000.0,1988600000.0,2687600000.0,2693500000.0,0.0,0.0,0.0,3463000000.0,5455100000.0,278300000,2090900000.0,1822900000.0,0.0,2418700000.0,0.0,3500000.0,171600000.0,29200000.0,565800000.0,211400000.0,-573700000.0,-180400000.0,-649900000.0,57000000.0,-180400000.0,-206300000.0,172300000.0,-12800000.0,75400000.0,354400000.0,0.0
NWL,2014-12-31,5727000000.0,0.00606060606061,3523600000.0,2203400000.0,107500000.0,1480500000.0,1588000000.0,604700000.0,60400000.0,462100000.0,89100000.0,0.0,0.0,377800000.0,0.0,377800000.0,1.37,1.35,276100000.0,278900000.0,0.654356400143,0.384738955823,0.132844421163,0.105587567662,0.0659682207089,0.0824515453117,760800000.0,604700000.0,377800000.0,0.0806879692684,0.0659682207089,199400000.0,0.0,199400000.0,1248200000.0,708500000.0,2426600000.0,559100000.0,3433200000.0,0.0,134400000.0,4254500000.0,6681100000.0,674100000.0,6700000.0,1890700000.0,2084500000.0,2091200000.0,0.0,0.0,0.0,2935500000.0,4829700000.0,245900000,2111200000.0,1851400000.0,0.0,1891800000.0,0.0,3500000.0,156100000.0,29900000.0,634100000.0,161900000.0,-602300000.0,-363200000.0,-751900000.0,-682500000.0,-363200000.0,-182500000.0,119000000.0,-28100000.0,-26900000.0,472200000.0,0.0
KMB,2019-12-31,18500000000.0,0.000757329871254,12415000000.0,6035000000.0,284000000.0,0.0,284000000.0,2991000000.0,261000000.0,2194000000.0,576000000.0,0.0,0.0,2157000000.0,0.0,2157000000.0,6.28,6.24,343600000.0,345600000.0,4.07407407407,0.326216216216,0.211243243243,0.161675675676,0.116594594595,0.0825405405405,3908000000.0,2991000000.0,2157000000.0,0.118594594595,0.116594594595,442000000.0,0.0,442000000.0,2263000000.0,1790000000.0,5057000000.0,7450000000.0,0.0,0.0,0.0,10226000000.0,15283000000.0,3055000000.0,1534000000.0,6919000000.0,6213000000.0,7747000000.0,0.0,0.0,0.0,7244000000.0,15316000000.0,0.0,6686000000.0,-33000000.0,0.0,7305000000.0,0.0,1153000000.0,917000000.0,96000000.0,2736000000.0,1209000000.0,-0.0,-800000000.0,-502000000.0,-707000000.0,-800000000.0,-1408000000.0,-1792000000.0,1000000.0,442000000.0,1527000000.0,0.0
KMB,2018-12-31,18486000000.0,0.012432225204,12889000000.0,5597000000.0,317000000.0,0.0,317000000.0,2229000000.0,263000000.0,1208000000.0,471000000.0,0.0,0.0,1410000000.0,0.0,1410000000.0,4.05,4.03,348000000.0,349600000.0,3.96453089245,0.302769663529,0.168289516391,0.120577734502,0.0762739370334,0.113220815752,3111000000.0,2229000000.0,1410000000.0,0.0653467488911,0.0762739370334,539000000.0,0.0,539000000.0,2164000000.0,1813000000.0,5041000000.0,7159000000.0,0.0,0.0,0.0,9477000000.0,14518000000.0,3190000000.0,1208000000.0,6536000000.0,6247000000.0,7455000000.0,0.0,0.0,0.0,7033000000.0,14805000000.0,0.0,5947000000.0,-287000000.0,0.0,6916000000.0,0.0,1236000000.0,882000000.0,41000000.0,2970000000.0,877000000.0,-0.0,-800000000.0,-902000000.0,-407000000.0,-800000000.0,-1386000000.0,-2115000000.0,-30000000.0,-77000000.0,2093000000.0,0.0
KMB,2017-12-31,18259000000.0,0.00313152400835,11706000000.0,6553000000.0,311000000.0,0.0,311000000.0,3299000000.0,318000000.0,2991000000.0,776000000.0,0.0,0.0,2278000000.0,0.0,2278000000.0,6.44,6.4,353600000.0,355900000.0,3.81848833942,0.358891505559,0.220329700422,0.180678021797,0.124760392135,0.117421545539,4023000000.0,3299000000.0,2278000000.0,0.163809628129,0.124760392135,616000000.0,0.0,616000000.0,2315000000.0,1790000000.0,5211000000.0,7436000000.0,0.0,0.0,0.0,9940000000.0,15151000000.0,2834000000.0,953000000.0,5858000000.0,6472000000.0,7425000000.0,0.0,0.0,0.0,7166000000.0,14522000000.0,0.0,6730000000.0,629000000.0,0.0,6809000000.0,0.0,1498000000.0,724000000.0,76000000.0,2929000000.0,785000000.0,-0.0,-911000000.0,-851000000.0,-1481000000.0,-911000000.0,-1359000000.0,-2421000000.0,36000000.0,-307000000.0,2144000000.0,0.0
KMB,2016-12-31,18202000000.0,-0.0209241030606,11551000000.0,6651000000.0,328000000.0,0.0,328000000.0,3317000000.0,319000000.0,3009000000.0,922000000.0,0.0,0.0,2166000000.0,0.0,2166000000.0,6.03,5.99,359400000.0,361700000.0,3.62455073265,0.365399406659,0.220964729151,0.182232721679,0.118997912317,0.135204922536,4022000000.0,3317000000.0,2166000000.0,0.16531150423,0.118997912317,923000000.0,0.0,923000000.0,2176000000.0,1679000000.0,5115000000.0,7169000000.0,0.0,0.0,0.0,9487000000.0,14602000000.0,2609000000.0,1133000000.0,5846000000.0,6439000000.0,7572000000.0,0.0,0.0,0.0,7280000000.0,14704000000.0,0.0,5831000000.0,-102000000.0,0.0,6649000000.0,0.0,1578000000.0,705000000.0,77000000.0,3232000000.0,771000000.0,-0.0,-739000000.0,-732000000.0,-598000000.0,-739000000.0,-1311000000.0,-2185000000.0,-11000000.0,304000000.0,2461000000.0,0.0
KMB,2015-12-31,18591000000.0,-0.0574427093896,11967000000.0,6624000000.0,324000000.0,0.0,324000000.0,1613000000.0,295000000.0,1335000000.0,418000000.0,0.0,0.0,1013000000.0,0.0,1013000000.0,2.78,2.77,363800000.0,366300000.0,3.47256347256,0.356301436179,0.126889355064,0.0867624119197,0.0544887311064,0.0672368350277,2359000000.0,1613000000.0,1013000000.0,0.0718089398096,0.0544887311064,619000000.0,0.0,619000000.0,2281000000.0,1909000000.0,5426000000.0,7104000000.0,0.0,0.0,0.0,9416000000.0,14842000000.0,2612000000.0,1669000000.0,6349000000.0,6106000000.0,7775000000.0,0.0,0.0,0.0,7252000000.0,15016000000.0,0.0,4994000000.0,-174000000.0,0.0,7156000000.0,0.0,1415000000.0,746000000.0,75000000.0,2306000000.0,1056000000.0,-0.0,-861000000.0,-1050000000.0,-553000000.0,-861000000.0,-1272000000.0,-1298000000.0,-128000000.0,-170000000.0,1250000000.0,0.0
KMB,2014-12-31,19724000000.0,-0.0675113464448,13041000000.0,6683000000.0,368000000.0,0.0,368000000.0,2521000000.0,284000000.0,2255000000.0,856000000.0,0.0,0.0,1526000000.0,0.0,1526000000.0,4.07,4.04,374500000.0,377400000.0,3.32803391627,0.338825795985,0.171516933685,0.127813830866,0.0773676738998,0.0915635773677,3383000000.0,2521000000.0,1526000000.0,0.114327722571,0.0773676738998,789000000.0,0.0,789000000.0,2223000000.0,1892000000.0,5559000000.0,7359000000.0,1737000000.0,0.0,0.0,9967000000.0,15526000000.0,2616000000.0,1326000000.0,6226000000.0,5630000000.0,6956000000.0,0.0,0.0,0.0,6536000000.0,14797000000.0,0.0,8470000000.0,729000000.0,0.0,6167000000.0,0.0,2035000000.0,862000000.0,52000000.0,2845000000.0,1039000000.0,-0.0,-1939000000.0,-770000000.0,-123000000.0,-1939000000.0,-1256000000.0,-1893000000.0,-447000000.0,-265000000.0,1806000000.0,0.0
CPB,2019-07-28,8107000000.0,-0.0665515256189,5414000000.0,2693000000.0,91000000.0,1452000000.0,1543000000.0,979000000.0,356000000.0,625000000.0,151000000.0,0.0,0.0,211000000.0,0.0,211000000.0,0.7,0.7,301000000.0,302000000.0,1.40066225166,0.332182064882,0.17577402245,0.120759837178,0.0260268903417,0.125077093869,1425000000.0,979000000.0,211000000.0,0.0770938694955,0.0260268903417,31000000.0,77000000.0,108000000.0,525000000.0,863000000.0,1967000000.0,2455000000.0,7432000000.0,83000000.0,2000000.0,11181000000.0,13148000000.0,814000000.0,1371000000.0,3385000000.0,7103000000.0,8474000000.0,0.0,15000000.0,0.0,8586000000.0,12045000000.0,0.0,1993000000.0,1103000000.0,160000000.0,8443000000.0,0.0,74000000.0,446000000.0,58000000.0,1398000000.0,413000000.0,-18000000.0,0.0,153000000.0,-702000000.0,0.0,-423000000.0,-1591000000.0,-7000000.0,-47000000.0,985000000.0,0.0
CPB,2018-07-29,8685000000.0,0.100760456274,5869000000.0,2816000000.0,110000000.0,1556000000.0,1666000000.0,469000000.0,201000000.0,272000000.0,11000000.0,0.0,0.0,261000000.0,0.0,261000000.0,0.87,0.86,301000000.0,302000000.0,1.41059602649,0.324237190558,0.104202648244,0.0540011514105,0.0300518134715,0.10339666091,905000000.0,469000000.0,261000000.0,0.0313183649971,0.0300518134715,226000000.0,92000000.0,318000000.0,714000000.0,1199000000.0,2296000000.0,3233000000.0,8776000000.0,81000000.0,30000000.0,12233000000.0,14529000000.0,893000000.0,1896000000.0,3594000000.0,7998000000.0,9894000000.0,0.0,22000000.0,0.0,9562000000.0,13165000000.0,0.0,2224000000.0,1364000000.0,173000000.0,9668000000.0,0.0,9000000.0,436000000.0,61000000.0,1305000000.0,416000000.0,-6772000000.0,-86000000.0,-7197000000.0,-63000000.0,-86000000.0,-426000000.0,5807000000.0,-8000000.0,-93000000.0,889000000.0,0.0
CPB,2017-07-30,7890000000.0,-0.00891847757819,4831000000.0,3059000000.0,98000000.0,1305000000.0,1165000000.0,1400000000.0,112000000.0,1293000000.0,406000000.0,0.0,0.0,887000000.0,0.0,887000000.0,2.91,2.89,305000000.0,307000000.0,1.3680781759,0.387705956907,0.217743979721,0.177439797212,0.112420785805,0.120785804816,1718000000.0,1400000000.0,887000000.0,0.163878326996,0.112420785805,319000000.0,69000000.0,388000000.0,550000000.0,902000000.0,1900000000.0,2454000000.0,3233000000.0,58000000.0,36000000.0,5826000000.0,7726000000.0,666000000.0,1037000000.0,2395000000.0,2499000000.0,3536000000.0,0.0,20000000.0,0.0,3686000000.0,6089000000.0,0.0,2385000000.0,1637000000.0,127000000.0,3217000000.0,0.0,8000000.0,318000000.0,60000000.0,1291000000.0,338000000.0,-0.0,-437000000.0,-368000000.0,-90000000.0,-437000000.0,-420000000.0,-911000000.0,11000000.0,23000000.0,953000000.0,0.0
CPB,2016-07-31,7961000000.0,-0.0149715416976,5181000000.0,2780000000.0,124000000.0,1534000000.0,1527000000.0,960000000.0,115000000.0,849000000.0,286000000.0,0.0,0.0,563000000.0,0.0,563000000.0,1.82,1.81,309000000.0,311000000.0,1.2540192926,0.349202361512,0.159276472805,0.120587865846,0.0707197588243,0.140937068208,1268000000.0,960000000.0,563000000.0,0.106644893858,0.0707197588243,296000000.0,47000000.0,343000000.0,554000000.0,940000000.0,1908000000.0,2407000000.0,3415000000.0,35000000.0,41000000.0,5929000000.0,7837000000.0,610000000.0,1219000000.0,2555000000.0,2314000000.0,3533000000.0,0.0,22000000.0,0.0,3749000000.0,6312000000.0,0.0,1927000000.0,1525000000.0,82000000.0,3237000000.0,0.0,8000000.0,308000000.0,64000000.0,1463000000.0,341000000.0,-0.0,-143000000.0,-354000000.0,547000000.0,-143000000.0,-390000000.0,-1071000000.0,5000000.0,43000000.0,1122000000.0,0.0
CPB,2015-08-02,8082000000.0,-0.022496371553,5277000000.0,2805000000.0,113000000.0,1471000000.0,1608000000.0,1095000000.0,108000000.0,990000000.0,299000000.0,0.0,0.0,691000000.0,0.0,691000000.0,2.21,2.21,312000000.0,313000000.0,1.25878594249,0.347067557535,0.172976985895,0.135486265776,0.0854986389508,0.0992328631527,1398000000.0,1095000000.0,691000000.0,0.122494432071,0.0854986389508,253000000.0,32000000.0,285000000.0,557000000.0,993000000.0,2092000000.0,2347000000.0,3549000000.0,22000000.0,25000000.0,5997000000.0,8089000000.0,544000000.0,1543000000.0,2806000000.0,2552000000.0,4095000000.0,0.0,29000000.0,0.0,3907000000.0,6709000000.0,0.0,2494000000.0,1380000000.0,54000000.0,3842000000.0,0.0,-4000000.0,303000000.0,57000000.0,1182000000.0,380000000.0,-232000000.0,-244000000.0,-603000000.0,-400000000.0,-244000000.0,-394000000.0,-526000000.0,-32000000.0,21000000.0,802000000.0,0.0
CPB,2014-08-03,8268000000.0,0.026825633383,5370000000.0,2898000000.0,121000000.0,1508000000.0,1651000000.0,1192000000.0,122000000.0,726000000.0,347000000.0,0.0,0.0,818000000.0,0.0,818000000.0,2.61,2.59,314000000.0,316000000.0,1.23734177215,0.350507982583,0.181059506531,0.144170295114,0.0989356555394,0.066763425254,1497000000.0,1192000000.0,818000000.0,0.0878084179971,0.0989356555394,232000000.0,15000000.0,247000000.0,585000000.0,1016000000.0,2100000000.0,2318000000.0,3608000000.0,0.0,32000000.0,6013000000.0,8113000000.0,527000000.0,1771000000.0,2989000000.0,2244000000.0,4015000000.0,0.0,37000000.0,0.0,3521000000.0,6498000000.0,0.0,2198000000.0,1615000000.0,15000000.0,3783000000.0,0.0,-12000000.0,305000000.0,57000000.0,899000000.0,347000000.0,-329000000.0,-76000000.0,-143000000.0,-206000000.0,-76000000.0,-391000000.0,-925000000.0,-9000000.0,-169000000.0,552000000.0,0.0
HRL,2019-10-27,9497317000.0,-0.00506856490357,7612669000.0,1884648000.0,32500000.0,727584000.0,760084000.0,1196265000.0,18070000.0,1209715000.0,230567000.0,0.0,0.0,978806000.0,0.0,978806000.0,1.83,1.8,534578000.0,545232000.0,0.801590882413,0.198440043646,0.143353538689,0.125958204828,0.103061317212,0.0662458671223,1361474000.0,1196265000.0,978806000.0,0.127374394263,0.103061317212,672901000.0,14736000.0,687637000.0,574396000.0,1042362000.0,2361413000.0,1629111000.0,3515507000.0,289157000.0,19924000.0,5747591000.0,8109004000.0,590033000.0,0.0,1105049000.0,250000000.0,250000000.0,0.0,6208000.0,0.0,541930000.0,2187546000.0,184921000,6128207000.0,5921458000.0,303893000.0,-422901000.0,0.0,540567000.0,165209000.0,19707000.0,922996000.0,293838000.0,-0.0,-188742000.0,220153000.0,-374840000.0,-174246000.0,-437053000.0,-926244000.0,-3140000.0,213765000.0,629158000.0,0.0
HRL,2018-10-28,9545700000.0,0.0412522733795,7550267000.0,1995433000.0,33800000.0,838205000.0,872005000.0,1198921000.0,26494000.0,1181284000.0,168702000.0,0.0,0.0,1012140000.0,0.0,1012140000.0,1.91,1.86,530742000.0,543869000.0,0.713603827392,0.209039986591,0.142559058005,0.125598017956,0.106030987775,0.0892676283562,1360826000.0,1198921000.0,1012140000.0,0.123750379752,0.106030987775,459136000.0,4611000.0,463747000.0,600438000.0,963527000.0,2050100000.0,1512600000.0,3921335000.0,273153000.0,3995000.0,6092192000.0,8142292000.0,618830000.0,0.0,1138914000.0,624840000.0,624840000.0,0.0,2490000.0,0.0,921003000.0,2541481000.0,106528000,5729956000.0,5600811000.0,277764000.0,165704000.0,0.0,481564000.0,161905000.0,20595000.0,1241729000.0,389607000.0,-0.0,-46898000.0,-1235368000.0,-160000.0,-46898000.0,-388107000.0,11638000.0,-2985000.0,15014000.0,852122000.0,0.0
HRL,2017-10-29,9167519000.0,-0.0373513213592,7164356000.0,2003163000.0,34200000.0,762104000.0,796304000.0,1280469000.0,12683000.0,1278645000.0,431542000.0,0.0,0.0,846735000.0,0.0,846735000.0,1.6,1.57,528363000.0,539116000.0,0.641809925879,0.21850655559,0.153961611642,0.13967454008,0.0923625028756,0.0860549075491,1411446000.0,1280469000.0,846735000.0,0.139475576762,0.0923625028756,444122000.0,2821000.0,446943000.0,618351000.0,921022000.0,2026523000.0,1203251000.0,3146827000.0,242369000.0,22346000.0,4949385000.0,6975908000.0,552714000.0,0.0,1058212000.0,250000000.0,250000000.0,0.0,525000.0,0.0,447750000.0,2040001000.0,13670000,5162571000.0,4935907000.0,245190000.0,-194122000.0,0.0,534039000.0,130977000.0,15591000.0,1010196000.0,221286000.0,-0.0,-94487000.0,-593003000.0,-280000000.0,-94487000.0,-346010000.0,-389258000.0,1044000.0,28979000.0,788910000.0,0.0
HRL,2016-10-30,9523224000.0,0.0279970677459,7365049000.0,2158175000.0,34700000.0,871974000.0,906674000.0,1323895000.0,12871000.0,1317215000.0,426698000.0,0.0,0.0,890052000.0,0.0,890052000.0,1.68,1.64,529290000.0,542473000.0,0.546558077545,0.226622307739,0.152875013756,0.139017521797,0.0934612059949,0.077423780014,1455863000.0,1323895000.0,890052000.0,0.138316078673,0.0934612059949,415143000.0,3094000.0,418237000.0,591310000.0,985683000.0,2029912000.0,1105449000.0,2737755000.0,239590000.0,6223000.0,4340155000.0,6370067000.0,481826000.0,0.0,1053196000.0,250000000.0,250000000.0,0.0,4331000.0,0.0,349332000.0,1922061000.0,0.0,4736567000.0,4448006000.0,242684000.0,-165143000.0,0.0,519533000.0,131968000.0,17829000.0,992848000.0,255524000.0,-0.0,-87885000.0,-408959000.0,-430000000.0,-87885000.0,-296493000.0,-509646000.0,-6339000.0,67904000.0,737324000.0,0.0
HRL,2015-10-25,9263863000.0,-0.00562382570852,7455282000.0,1808581000.0,32000000.0,743611000.0,775611000.0,1067320000.0,13111000.0,1057143000.0,369879000.0,0.0,0.0,686088000.0,0.0,686088000.0,2.6,2.54,264072000.0,270501000.0,0.927294168968,0.195229679023,0.129616985916,0.115213275499,0.0740606807333,0.0915308225089,1200754000.0,1067320000.0,686088000.0,0.114114705712,0.0740606807333,347239000.0,6485000.0,353724000.0,605689000.0,993265000.0,2063032000.0,1011739000.0,2526703000.0,258998000.0,6132000.0,4076799000.0,6139831000.0,495317000.0,185000000.0,1214025000.0,250000000.0,435000000.0,0.0,6764000.0,0.0,415152000.0,2141633000.0,0.0,4216125000.0,3998198000.0,265483000.0,87761000.0,0.0,512456000.0,133434000.0,15717000.0,991992000.0,144063000.0,-0.0,-24928000.0,-900947000.0,-165000000.0,-24928000.0,-250834000.0,-70627000.0,-7353000.0,13065000.0,847929000.0,0.0
HRL,2014-10-26,9316256000.0,0.0645137479155,7751273000.0,1564983000.0,29900000.0,650948000.0,680848000.0,922152000.0,12704000.0,922152000.0,316126000.0,0.0,0.0,602677000.0,0.0,602677000.0,2.28,2.23,263812000.0,270216000.0,0.751828167096,0.167984112931,0.11294193719,0.0989831108119,0.0646909015811,0.0630876824338,1052196000.0,922152000.0,602677000.0,0.0989831108119,0.0646909015811,334174000.0,3461000.0,337635000.0,609526000.0,1054552000.0,2132771000.0,1001767000.0,1781296000.0,264451000.0,25678000.0,3322848000.0,5455619000.0,484042000.0,0.0,954692000.0,250000000.0,250000000.0,0.0,5507000.0,0.0,386178000.0,1849941000.0,0.0,3805654000.0,3605678000.0,267912000.0,-84174000.0,0.0,509071000.0,130044000.0,14393000.0,746879000.0,159138000.0,-0.0,-58937000.0,-616775000.0,-115000000.0,-58937000.0,-203156000.0,-229370000.0,-574000.0,334174000.0,587741000.0,0.0
K,2019-12-28,13578000000.0,0.00228832951945,9197000000.0,4381000000.0,144000000.0,2980000000.0,3124000000.0,1401000000.0,284000000.0,1305000000.0,321000000.0,0.0,0.0,960000000.0,0.0,960000000.0,2.81,2.8,0.0,0.0,0.0,0.32265429371,0.138827515098,0.103181617322,0.0707026071586,0.0434526439829,1885000000.0,1401000000.0,960000000.0,0.0961113566063,0.0707026071586,397000000.0,0.0,397000000.0,1576000000.0,1226000000.0,3431000000.0,3612000000.0,8437000000.0,0.0,0.0,14133000000.0,17564000000.0,2387000000.0,620000000.0,4778000000.0,7200000000.0,7820000000.0,0.0,0.0,0.0,8339000000.0,14817000000.0,0.0,7859000000.0,2747000000.0,0.0,7423000000.0,0.0,1700000000.0,484000000.0,61000000.0,1176000000.0,586000000.0,-8000000.0,-155000000.0,774000000.0,-1009000000.0,-156000000.0,-769000000.0,-1905000000.0,31000000.0,76000000.0,590000000.0,0.0
K,2018-12-29,13547000000.0,0.0482860017024,8821000000.0,4726000000.0,154000000.0,3020000000.0,3174000000.0,1706000000.0,287000000.0,1329000000.0,181000000.0,0.0,0.0,1336000000.0,0.0,1336000000.0,3.85,3.83,347000000.0,348000000.0,2.18965517241,0.348859526094,0.164021554588,0.125931940651,0.0986196205802,0.0707167638592,2222000000.0,1706000000.0,1336000000.0,0.0981029010113,0.0986196205802,321000000.0,0.0,321000000.0,1375000000.0,1330000000.0,3157000000.0,3731000000.0,9411000000.0,0.0,0.0,14623000000.0,17780000000.0,2427000000.0,510000000.0,4529000000.0,8207000000.0,8717000000.0,0.0,0.0,0.0,9441000000.0,15179000000.0,0.0,7652000000.0,2601000000.0,0.0,8396000000.0,0.0,1209000000.0,516000000.0,64000000.0,1536000000.0,578000000.0,-28000000.0,-320000000.0,-948000000.0,-408000000.0,-153000000.0,-762000000.0,-566000000.0,18000000.0,40000000.0,958000000.0,0.0
K,2017-12-30,12923000000.0,-0.00699246964807,7901000000.0,5022000000.0,148000000.0,3076000000.0,3224000000.0,1946000000.0,256000000.0,1674000000.0,412000000.0,0.0,0.0,1269000000.0,0.0,1269000000.0,3.65,3.62,348000000.0,350000000.0,2.10285714286,0.388609456009,0.187804689314,0.150584229668,0.0981970130775,0.0886017178674,2427000000.0,1946000000.0,1269000000.0,0.129536485336,0.0981970130775,281000000.0,0.0,281000000.0,1389000000.0,1217000000.0,3036000000.0,3716000000.0,8143000000.0,0.0,0.0,13314000000.0,16350000000.0,2269000000.0,409000000.0,4479000000.0,7836000000.0,8245000000.0,0.0,0.0,0.0,8804000000.0,14138000000.0,0.0,7103000000.0,2212000000.0,0.0,7964000000.0,0.0,855000000.0,481000000.0,71000000.0,1646000000.0,501000000.0,-592000000.0,-516000000.0,-1094000000.0,-632000000.0,-419000000.0,-736000000.0,-604000000.0,53000000.0,1000000.0,1145000000.0,0.0
K,2016-12-31,13014000000.0,-0.0377818853974,8259000000.0,4755000000.0,182000000.0,3360000000.0,3542000000.0,1395000000.0,406000000.0,927000000.0,233000000.0,0.0,0.0,694000000.0,0.0,694000000.0,1.98,1.96,350000000.0,354000000.0,2.02259887006,0.365375749193,0.146918702935,0.107192254495,0.0533271861073,0.0861380052251,1912000000.0,1395000000.0,694000000.0,0.0712309820194,0.0533271861073,280000000.0,0.0,280000000.0,1231000000.0,1238000000.0,2940000000.0,3569000000.0,7535000000.0,0.0,0.0,12171000000.0,15111000000.0,2014000000.0,631000000.0,4474000000.0,6698000000.0,7329000000.0,0.0,0.0,0.0,7687000000.0,13201000000.0,0.0,6571000000.0,1910000000.0,0.0,7049000000.0,0.0,1040000000.0,517000000.0,68000000.0,1628000000.0,507000000.0,-398000000.0,-426000000.0,-893000000.0,-1737000000.0,-58000000.0,-716000000.0,-642000000.0,-64000000.0,29000000.0,1121000000.0,0.0
K,2016-01-02,13525000000.0,-0.0723593964335,8844000000.0,4681000000.0,193000000.0,3590000000.0,3783000000.0,1091000000.0,227000000.0,773000000.0,159000000.0,0.0,0.0,614000000.0,0.0,614000000.0,1.74,1.72,354000000.0,356000000.0,1.96629213483,0.346099815157,0.120147874307,0.0806654343808,0.0453974121996,0.0841404805915,1625000000.0,1091000000.0,614000000.0,0.0571534195933,0.0453974121996,251000000.0,0.0,251000000.0,1344000000.0,1250000000.0,3236000000.0,3621000000.0,7236000000.0,0.0,0.0,716000000.0,15265000000.0,1907000000.0,1266000000.0,5739000000.0,5289000000.0,6555000000.0,0.0,0.0,0.0,6442000000.0,13137000000.0,0.0,6597000000.0,2128000000.0,0.0,6304000000.0,11313000000.0,956000000.0,534000000.0,55000000.0,1691000000.0,553000000.0,-161000000.0,-731000000.0,-1127000000.0,-606000000.0,-470000000.0,-700000000.0,-706000000.0,-50000000.0,-192000000.0,1138000000.0,0.0
K,2015-01-03,14580000000.0,-0.0143320713899,9517000000.0,5063000000.0,199000000.0,4039000000.0,4238000000.0,1024000000.0,209000000.0,356000000.0,186000000.0,0.0,0.0,632000000.0,0.0,632000000.0,1.76,1.75,358000000.0,360000000.0,1.88888888889,0.347256515775,0.104732510288,0.0702331961591,0.0433470507545,0.0830589849108,1527000000.0,1024000000.0,632000000.0,0.0244170096022,0.0433470507545,443000000.0,0.0,443000000.0,1276000000.0,1279000000.0,3340000000.0,3769000000.0,7266000000.0,0.0,0.0,778000000.0,15153000000.0,1528000000.0,607000000.0,4364000000.0,5935000000.0,6542000000.0,0.0,0.0,0.0,6661000000.0,12364000000.0,0.0,6689000000.0,2789000000.0,0.0,6099000000.0,11035000000.0,1339000000.0,503000000.0,41000000.0,1793000000.0,582000000.0,-0.0,-690000000.0,-560000000.0,-960000000.0,-473000000.0,-680000000.0,-1063000000.0,13000000.0,170000000.0,1211000000.0,0.0
CAG,2019-05-26,9538400000.0,0.201567086152,6885400000.0,2653000000.0,56100000.0,1473400000.0,1529500000.0,823300000.0,0.0,823300000.0,218800000.0,0.0,0.0,678300000.0,0.0,678300000.0,1.53,1.52,444000000.0,445600000.0,0.799371633752,0.278138891219,0.121225782102,0.0863142665437,0.0711125555649,0.0809779417932,1156300000.0,823300000.0,678300000.0,0.0863142665437,0.0711125555649,236600000.0,0.0,236600000.0,0.0,1571700000.0,2733800000.0,2395300000.0,16161000000.0,0.0,0.0,19480000000.0,22213800000.0,1255300000.0,20600000.0,2142600000.0,10459800000.0,10480400000.0,0.0,0.0,0.0,12411600000.0,14829200000.0,0.0,5047900000.0,7384600000.0,0.0,10243800000.0,0.0,275000000.0,333000000.0,33700000.0,1125500000.0,353100000.0,-5119200000.0,-8800000.0,-5166000000.0,-3972700000.0,0.0,-356200000.0,4149800000.0,-700000.0,108600000.0,772400000.0,0.0
CAG,2018-05-27,7938300000.0,0.0142329657974,5586800000.0,2351500000.0,47300000.0,1318000000.0,1365300000.0,874800000.0,0.0,874800000.0,174600000.0,0.0,0.0,808400000.0,0.0,808400000.0,2.0,1.98,403900000.0,407400000.0,0.840206185567,0.296222113047,0.142574606654,0.110199916859,0.101835405565,0.0885076149805,1131800000.0,874800000.0,808400000.0,0.110199916859,0.101835405565,128000000.0,0.0,128000000.0,0.0,997100000.0,1938900000.0,1620100000.0,5787000000.0,0.0,0.0,8450600000.0,10389500000.0,915100000.0,307000000.0,2336200000.0,3035600000.0,3342600000.0,0.0,0.0,0.0,4100800000.0,6713300000.0,0.0,4744900000.0,3676200000.0,0.0,3214600000.0,0.0,276300000.0,257000000.0,37900000.0,954200000.0,251600000.0,-0.0,-967300000.0,-576200000.0,-242300000.0,-967300000.0,-342300000.0,-506900000.0,5500000.0,-123400000.0,702600000.0,0.0
CAG,2017-05-28,7826900000.0,-0.327753394773,5484800000.0,2342100000.0,44600000.0,1417100000.0,1461700000.0,729500000.0,0.0,729500000.0,254700000.0,0.0,0.0,639300000.0,0.0,639300000.0,1.48,1.46,431900000.0,436000000.0,0.951834862385,0.299237245908,0.127445093204,0.0932042060075,0.0816798477047,0.119255388468,997500000.0,729500000.0,639300000.0,0.0932042060075,0.0816798477047,251400000.0,0.0,251400000.0,0.0,934200000.0,2013200000.0,1664900000.0,5531200000.0,0.0,0.0,8083100000.0,10096300000.0,773100000.0,199000000.0,1720500000.0,2573300000.0,2772300000.0,0.0,0.0,0.0,4102100000.0,6105500000.0,0.0,4247000000.0,3990800000.0,0.0,2520900000.0,0.0,282900000.0,268000000.0,36100000.0,1175500000.0,242100000.0,-0.0,-1000000000.0,-189300000.0,-1064500000.0,-1000000000.0,-415000000.0,-1569100000.0,-200000.0,-583100000.0,933400000.0,0.0
CAG,2016-05-29,11642900000.0,-0.264615598393,8552100000.0,3090800000.0,66700000.0,2209400000.0,2276100000.0,583600000.0,297800000.0,583600000.0,225400000.0,0.0,0.0,-677000000.0,0.0,-677000000.0,-1.57,-1.56,434400000.0,438500000.0,0.986316989738,0.265466507485,0.0822389610836,0.0501249688651,-0.0581470252257,0.0667874842178,957500000.0,583600000.0,-677000000.0,0.0501249688651,-0.0581470252257,834500000.0,0.0,834500000.0,0.0,1582100000.0,3576700000.0,2710300000.0,5810600000.0,0.0,0.0,9813900000.0,13390600000.0,945400000.0,571400000.0,2532400000.0,4721900000.0,5293300000.0,0.0,0.0,0.0,6866000000.0,9677000000.0,0.0,3218300000.0,3713600000.0,0.0,4458800000.0,0.0,278600000.0,373900000.0,45100000.0,1207400000.0,440200000.0,-0.0,0.0,2127400000.0,-2525000000.0,8600000.0,-432500000.0,-2681400000.0,-2000000.0,651400000.0,767200000.0,0.0
CAG,2015-05-31,15832400000.0,-0.105645498401,12523900000.0,3308500000.0,90400000.0,3472100000.0,3562500000.0,-495500000.0,331900000.0,-495500000.0,234000000.0,0.0,0.0,-252600000.0,0.0,-252600000.0,-0.6,-0.6,426100000.0,426100000.0,0.997887819761,0.208970212981,0.00611404461737,-0.0312965816932,-0.0159546246937,0.0637111240242,96800000.0,-495500000.0,-252600000.0,-0.0312965816932,-0.0159546246937,183100000.0,0.0,183100000.0,0.0,2201200000.0,3667700000.0,3608100000.0,9330300000.0,0.0,0.0,13874500000.0,17542200000.0,1358300000.0,1008000000.0,3310200000.0,6693000000.0,7701000000.0,0.0,0.0,0.0,9426100000.0,13016200000.0,0.0,4331100000.0,4526000000.0,0.0,7517900000.0,0.0,279900000.0,592300000.0,68300000.0,1480600000.0,471900000.0,-95700000.0,-50000000.0,-41600000.0,-1495200000.0,-50000000.0,-425200000.0,-1430200000.0,-8800000.0,0.0,1008700000.0,0.0
CAG,2014-05-25,17702600000.0,0.142737260674,13980100000.0,3722500000.0,103500000.0,2767100000.0,2870600000.0,303100000.0,0.0,311000000.0,298200000.0,0.0,0.0,303100000.0,0.0,303100000.0,0.72,0.7,421300000.0,427500000.0,0.984561403509,0.210279845898,0.0511789228701,0.0171217787218,0.0171217787218,0.0535966468202,906000000.0,303100000.0,303100000.0,0.0175680408528,0.0171217787218,183100000.0,0.0,183100000.0,0.0,2292600000.0,4230800000.0,3811900000.0,11042300000.0,0.0,0.0,15135600000.0,19366400000.0,1492400000.0,84200000.0,2642400000.0,8571700000.0,8655900000.0,0.0,0.0,0.0,11172900000.0,14107900000.0,0.0,5010600000.0,5258500000.0,0.0,8472800000.0,0.0,292600000.0,602900000.0,60200000.0,1551200000.0,603400000.0,-39900000.0,-100000000.0,-517900000.0,-569200000.0,-100000000.0,-420900000.0,-1034100000.0,-3800000.0,-800000.0,947800000.0,0.0
COTY,2019-06-30,8648500000.0,-0.0797510108534,3306500000.0,5342000000.0,162800000.0,4563900000.0,4726700000.0,-3471500000.0,302500000.0,-3778100000.0,-8500000.0,0.0,0.0,-3784200000.0,0.0,-3784200000.0,-5.04,-5.04,751200000.0,751200000.0,0.462593184239,0.617679366364,-0.316297623865,-0.401399086547,-0.437555645488,0.0246285483032,-2735500000.0,-3471500000.0,-3784200000.0,-0.436850320865,-0.437555645488,340400000.0,0.0,340400000.0,1161200000.0,1153300000.0,3272700000.0,1600600000.0,12496100000.0,0.0,146300000.0,14392700000.0,17665400000.0,1732700000.0,193800000.0,3477100000.0,7469900000.0,7663700000.0,13800000.0,66900000.0,0.0,8607000000.0,13078500000.0,9178800000,-4541200000.0,4586900000.0,0.0,7323300000.0,0.0,994400000.0,736000000.0,14800000.0,639600000.0,426600000.0,-40800000.0,0.0,-454000000.0,-189800000.0,5900000.0,-347500000.0,-160300000.0,-7100000.0,18200000.0,213000000.0,0.0
COTY,2018-06-30,9398000000.0,0.228448557573,3608400000.0,5789600000.0,174600000.0,5009600000.0,5184200000.0,161200000.0,287100000.0,-152500000.0,-24700000.0,0.0,0.0,-168800000.0,0.0,-168800000.0,-0.23,-0.23,749700000.0,749700000.0,0.504468454048,0.616045967227,0.0955735262822,0.0171525856565,-0.017961268355,-0.00347946371568,898200000.0,161200000.0,-168800000.0,-0.016226856778,-0.017961268355,331600000.0,0.0,331600000.0,1536000000.0,1148900000.0,3651000000.0,1680800000.0,16891500000.0,0.0,107400000.0,18979200000.0,22630200000.0,1928600000.0,218900000.0,4044000000.0,7305400000.0,7524300000.0,25500000.0,52100000.0,0.0,8590600000.0,13780500000.0,9309000000,-626200000.0,8849700000.0,0.0,7192700000.0,0.0,1145900000.0,737000000.0,30600000.0,413700000.0,446400000.0,-278000000.0,0.0,-687600000.0,-6492600000.0,22600000.0,-378200000.0,69300000.0,-3900000.0,-208500000.0,-32700000.0,0.0
COTY,2017-06-30,7650300000.0,0.759053597296,3028500000.0,4621800000.0,139200000.0,4060000000.0,4199200000.0,-437800000.0,219600000.0,-658000000.0,-259500000.0,0.0,0.0,-422200000.0,0.0,-422200000.0,-0.66,-0.66,642800000.0,642800000.0,0.58400746733,0.604133171248,0.0153327320497,-0.0572265139929,-0.0551873782727,0.0425081369358,117300000.0,-437800000.0,-422200000.0,-0.0860096989661,-0.0551873782727,535400000.0,0.0,535400000.0,1470300000.0,1052600000.0,3581500000.0,1632100000.0,16980700000.0,0.0,72600000.0,18966700000.0,22548200000.0,1732100000.0,209100000.0,3803600000.0,6928300000.0,7137400000.0,15800000.0,66000000.0,0.0,8375600000.0,13233500000.0,9761400000,-459200000.0,9314700000.0,0.0,6602000000.0,0.0,1054300000.0,555100000.0,24600000.0,757500000.0,432300000.0,-742600000.0,-36300000.0,-1163600000.0,-136100000.0,-13500000.0,-375400000.0,595200000.0,9200000.0,198300000.0,325200000.0,0.0
COTY,2016-06-30,4349100000.0,-0.0104887149618,1746000000.0,2603100000.0,47700000.0,2027800000.0,2075500000.0,254200000.0,112900000.0,138800000.0,-40400000.0,0.0,0.0,156900000.0,0.0,156900000.0,0.45,0.44,345500000.0,354200000.0,0.0,0.598537628475,0.111793244579,0.0584488744798,0.0360764296061,0.0807753328275,486200000.0,254200000.0,156900000.0,0.0319146490078,0.0360764296061,372400000.0,0.0,372400000.0,682900000.0,565800000.0,1938400000.0,638600000.0,4262800000.0,0.0,110500000.0,5161800000.0,7100200000.0,921400000.0,161800000.0,1855200000.0,4001000000.0,4162800000.0,0.0,18700000.0,0.0,4621200000.0,6740000000.0,635500000,-37000000.0,360200000.0,0.0,3790400000.0,0.0,263600000.0,232000000.0,22200000.0,501400000.0,150100000.0,-908700000.0,-794900000.0,-1059200000.0,-2499400000.0,-750200000.0,-0.0,592600000.0,-3700000.0,31100000.0,351300000.0,0.0
COTY,2015-06-30,4395200000.0,-0.0343615431936,1757000000.0,2638200000.0,47400000.0,2066100000.0,2113500000.0,395100000.0,71400000.0,233300000.0,-26100000.0,0.0,0.0,232500000.0,0.0,232500000.0,0.66,0.64,353300000.0,362900000.0,0.0,0.600245722606,0.142428103386,0.0898935202039,0.0528986166727,0.0808609392064,626000000.0,395100000.0,232500000.0,0.0530806334183,0.0528986166727,341300000.0,0.0,341300000.0,679600000.0,557800000.0,1856400000.0,500200000.0,3444300000.0,0.0,10400000.0,4162500000.0,6018900000.0,748400000.0,28800000.0,1526200000.0,2605900000.0,2634700000.0,4100000.0,22400000.0,0.0,3251500000.0,5049100000.0,1436400000,-193900000.0,969800000.0,0.0,2293400000.0,0.0,271400000.0,230900000.0,30600000.0,526300000.0,170900000.0,-600000.0,-263100000.0,-171200000.0,-11200000.0,-214600000.0,-0.0,-1138200000.0,-113600000.0,-896700000.0,355400000.0,0.0
COTY,2014-06-30,4551600000.0,-0.0209718009937,1865700000.0,2685900000.0,46500000.0,2220300000.0,2266800000.0,25700000.0,69800000.0,-44100000.0,20100000.0,0.0,0.0,-97400000.0,0.0,-97400000.0,-0.26,-0.26,381700000.0,381700000.0,0.0,0.59010018455,0.0607258985851,0.00564636611302,-0.0213990684594,0.0736004921346,276400000.0,25700000.0,-97400000.0,-0.00968890060638,-0.0213990684594,1238000000.0,0.0,1238000000.0,664800000.0,617400000.0,2784800000.0,540300000.0,3179900000.0,0.0,11400000.0,3807700000.0,6592500000.0,810200000.0,33400000.0,1597300000.0,3260100000.0,3293500000.0,8300000.0,29400000.0,0.0,3799600000.0,5748700000.0,1352700000,-426400000.0,843800000.0,0.0,2055500000.0,0.0,351800000.0,250700000.0,46800000.0,536500000.0,201500000.0,-29500000.0,-100300000.0,-213200000.0,-2700000.0,-78400000.0,-0.0,-5700000.0,44400000.0,317600000.0,335000000.0,0.0
SJM,2019-04-30,7838000000.0,0.0653654293132,4922300000.0,2915700000.0,0.0,1508600000.0,1748900000.0,928600000.0,0.0,701600000.0,187200000.0,0.0,0.0,514400000.0,0.0,514400000.0,4.52,4.52,113100000.0,113100000.0,3.34129089302,0.371995406992,0.175414646594,0.118474100536,0.0656289869865,0.0996937994386,1374900000.0,928600000.0,514400000.0,0.0895126307732,0.0656289869865,101300000.0,0.0,101300000.0,503800000.0,910300000.0,1625200000.0,1912400000.0,13029700000.0,40900000.0,163600000.0,15086100000.0,16711300000.0,591000000.0,798500000.0,2341500000.0,4686300000.0,5484800000.0,0.0,15000000.0,0.0,6399300000.0,8740800000.0,5755800000,2367600000.0,7970500000.0,40900000.0,5383500000.0,0.0,0.0,446300000.0,20700000.0,1141200000.0,359800000.0,-1903000000.0,-5400000.0,-1924200000.0,-700000000.0,-5400000.0,-377900000.0,699000000.0,-7300000.0,-91300000.0,781400000.0,0.0
SJM,2018-04-30,7357100000.0,-0.00476171151063,4521000000.0,2836100000.0,56000000.0,1370800000.0,1633600000.0,1036100000.0,0.0,861000000.0,-477600000.0,0.0,0.0,1338600000.0,0.0,1338600000.0,11.79,11.78,113000000.0,113000000.0,3.1,0.38549156597,0.196979788232,0.140829946582,0.181946690952,0.121800709519,1449200000.0,1036100000.0,1338600000.0,0.117029807941,0.181946690952,192600000.0,0.0,192600000.0,385600000.0,854400000.0,1555000000.0,1729100000.0,11858700000.0,45800000.0,129100000.0,13746200000.0,15301200000.0,512100000.0,0.0,1033800000.0,4688000000.0,4688000000.0,0.0,32300000.0,0.0,6376300000.0,7410100000.0,5739700000,2239200000.0,7891100000.0,45800000.0,4495400000.0,0.0,0.0,413100000.0,15400000.0,1218000000.0,321900000.0,-0.0,-7000000.0,-277600000.0,-1050300000.0,-7000000.0,-350300000.0,-922000000.0,7400000.0,25800000.0,896100000.0,0.0
SJM,2017-04-30,7392300000.0,-0.0536281237198,4557000000.0,2835300000.0,58100000.0,1390700000.0,1656100000.0,1031500000.0,0.0,878400000.0,286100000.0,0.0,0.0,592300000.0,0.0,592300000.0,5.11,5.1,115471395.0,115578424.0,2.9356690311,0.383547745627,0.196217685971,0.139537085887,0.08012391272,0.11723009077,1450500000.0,1031500000.0,592300000.0,0.118826346333,0.08012391272,166800000.0,0.0,166800000.0,438700000.0,905700000.0,1641800000.0,1617500000.0,12227000000.0,47300000.0,227300000.0,13997900000.0,15639700000.0,477200000.0,499000000.0,1832600000.0,4445500000.0,4944500000.0,0.0,40400000.0,0.0,6956900000.0,8789500000.0,5724700000,1240500000.0,6850200000.0,47300000.0,4777700000.0,0.0,0.0,419000000.0,22000000.0,1059000000.0,192400000.0,-0.0,-437600000.0,-189700000.0,-200000000.0,-437600000.0,-339300000.0,-806100000.0,-6200000.0,57000000.0,866600000.0,0.0
SJM,2016-04-30,7811200000.0,0.372143271207,4843400000.0,2967800000.0,58800000.0,1510300000.0,1777500000.0,1145300000.0,0.0,977900000.0,289200000.0,0.0,0.0,688700000.0,0.0,688700000.0,5.77,5.76,118918701.0,118959814.0,2.66140295075,0.379941622286,0.201684760344,0.146622798034,0.0881682712003,0.16090997542,1575400000.0,1145300000.0,688700000.0,0.125192031954,0.0881682712003,109800000.0,0.0,109800000.0,450100000.0,899400000.0,1573400000.0,1627700000.0,12585500000.0,48800000.0,252900000.0,14410700000.0,15984100000.0,459400000.0,284000000.0,1213000000.0,5146000000.0,5430000000.0,0.0,46300000.0,0.0,7762600000.0,8975600000.0,5860100000,1267700000.0,7008500000.0,48800000.0,5320200000.0,0.0,0.0,430100000.0,34600000.0,1458300000.0,201400000.0,7900000.0,-441100000.0,21700000.0,-800000000.0,-441100000.0,-316600000.0,-1496200000.0,400000.0,-15800000.0,1256900000.0,0.0
SJM,2015-04-30,5692700000.0,0.0146330160767,3724000000.0,1968700000.0,32500000.0,1031300000.0,1174700000.0,772000000.0,0.0,523000000.0,178100000.0,0.0,0.0,344900000.0,0.0,344900000.0,3.33,3.33,0.0,0.0,0.0,0.345828868551,0.13561227537,0.13561227537,0.0605863649938,-0.0435118660741,772000000.0,772000000.0,344900000.0,0.0918720466562,0.0605863649938,125600000.0,-5980200000.0,-5854600000.0,430100000.0,1163600000.0,2052300000.0,1678300000.0,12960100000.0,48400000.0,270000000.0,14830300000.0,16882600000.0,402800000.0,0.0,1022600000.0,5944900000.0,5944900000.0,0.0,45000000.0,0.0,8773100000.0,9795700000.0,6007600000,1159200000.0,7086900000.0,-5931800000.0,5819300000.0,0.0,0.0,0.0,0.0,0.0,0.0,-0.0,0.0,125600000.0,-0.0,-125600000.0,-0.0,0.0,0.0,125600000.0,0.0,0.0
SJM,2014-04-30,5610600000.0,-0.0486799938959,3579600000.0,2031000000.0,24300000.0,988800000.0,1112000000.0,919000000.0,0.0,849700000.0,284500000.0,0.0,0.0,565200000.0,0.0,565200000.0,5.42,5.42,0.0,0.0,0.0,0.361993369693,0.16379709835,0.16379709835,0.100737888996,-0.0498164189213,919000000.0,919000000.0,565200000.0,0.151445478202,0.100737888996,153500000.0,-2149800000.0,-1996300000.0,309400000.0,931000000.0,1539100000.0,1265600000.0,6122500000.0,55400000.0,140700000.0,7533000000.0,9072100000.0,289200000.0,100000000.0,891000000.0,1879800000.0,1979800000.0,0.0,29100000.0,0.0,3151500000.0,4042500000.0,3964800000,1091000000.0,5029600000.0,-2094400000.0,1826300000.0,0.0,0.0,0.0,0.0,0.0,0.0,-0.0,0.0,153500000.0,-0.0,-153500000.0,-0.0,0.0,0.0,153500000.0,0.0,0.0
CL,2019-12-31,15693000000.0,0.00958569222851,6368000000.0,9325000000.0,281000000.0,5575000000.0,5856000000.0,3554000000.0,0.0,3301000000.0,774000000.0,0.0,0.0,2367000000.0,0.0,2367000000.0,2.76,2.75,859100000.0,861100000.0,0.0,0.594213980756,0.259542471165,0.226470400816,0.15083158096,0.178296055566,4073000000.0,3554000000.0,2367000000.0,0.210348563054,0.15083158096,883000000.0,0.0,883000000.0,1440000000.0,1400000000.0,4179000000.0,3750000000.0,6175000000.0,0.0,177000000.0,10855000000.0,15034000000.0,1237000000.0,254000000.0,4038000000.0,7333000000.0,7587000000.0,0.0,370000000.0,0.0,10438000000.0,14917000000.0,0.0,22501000000.0,117000000.0,0.0,6704000000.0,0.0,441000000.0,519000000.0,100000000.0,3133000000.0,335000000.0,-1711000000.0,-1255000000.0,-2099000000.0,-6611000000.0,-1202000000.0,-0.0,-870000000.0,-7000000.0,157000000.0,2798000000.0,0.0
CL,2018-12-31,15544000000.0,0.00582373495535,6313000000.0,9231000000.0,277000000.0,5389000000.0,5666000000.0,3694000000.0,0.0,3464000000.0,906000000.0,0.0,0.0,2400000000.0,0.0,2400000000.0,2.76,2.75,870600000.0,873000000.0,0.0,0.593862583634,0.27052238806,0.237647967061,0.154400411734,0.16855378281,4205000000.0,3694000000.0,2400000000.0,0.222851260937,0.154400411734,726000000.0,0.0,726000000.0,1400000000.0,1250000000.0,3793000000.0,3881000000.0,4167000000.0,0.0,152000000.0,8368000000.0,12161000000.0,1222000000.0,0.0,3341000000.0,6354000000.0,6354000000.0,0.0,411000000.0,0.0,8623000000.0,12263000000.0,0.0,21615000000.0,-102000000.0,0.0,5628000000.0,0.0,299000000.0,511000000.0,109000000.0,3056000000.0,436000000.0,-728000000.0,-1251000000.0,-1170000000.0,-7355000000.0,-1238000000.0,-0.0,-2679000000.0,-16000000.0,-809000000.0,2620000000.0,0.0
CL,2017-12-31,15454000000.0,0.0170450806186,6174000000.0,9280000000.0,285000000.0,5497000000.0,5782000000.0,3589000000.0,0.0,3487000000.0,1313000000.0,0.0,0.0,2024000000.0,0.0,2024000000.0,2.3,2.28,881800000.0,887800000.0,0.0,0.600491782063,0.262973987317,0.232237608386,0.130969328329,0.161835123593,4064000000.0,3589000000.0,2024000000.0,0.225637375437,0.130969328329,1535000000.0,0.0,1535000000.0,1480000000.0,1221000000.0,4639000000.0,4072000000.0,3559000000.0,0.0,188000000.0,8037000000.0,12676000000.0,1212000000.0,0.0,3408000000.0,6566000000.0,6566000000.0,0.0,354000000.0,0.0,9025000000.0,12736000000.0,0.0,20531000000.0,-60000000.0,0.0,5031000000.0,0.0,303000000.0,475000000.0,127000000.0,3054000000.0,553000000.0,-0.0,-1355000000.0,-471000000.0,-4808000000.0,-1399000000.0,-0.0,-2450000000.0,87000000.0,220000000.0,2501000000.0,0.0
CL,2016-12-31,15195000000.0,-0.0523263065985,6072000000.0,9123000000.0,289000000.0,5249000000.0,5538000000.0,3837000000.0,0.0,3738000000.0,1152000000.0,0.0,0.0,2441000000.0,0.0,2441000000.0,2.74,2.72,891800000.0,898400000.0,0.0,0.600394866732,0.281671602501,0.25251727542,0.160644948996,0.167686739059,4280000000.0,3837000000.0,2441000000.0,0.246001974334,0.160644948996,1315000000.0,0.0,1315000000.0,1411000000.0,1171000000.0,4338000000.0,3840000000.0,3420000000.0,0.0,301000000.0,7785000000.0,12123000000.0,1124000000.0,0.0,3305000000.0,6520000000.0,6520000000.0,0.0,441000000.0,0.0,8801000000.0,12366000000.0,0.0,19922000000.0,-243000000.0,0.0,5205000000.0,0.0,260000000.0,443000000.0,123000000.0,3141000000.0,593000000.0,-5000000.0,-1293000000.0,-499000000.0,-7274000000.0,-1335000000.0,-0.0,-2233000000.0,-64000000.0,345000000.0,2548000000.0,0.0
CL,2015-12-31,16034000000.0,-0.0719453608844,6635000000.0,9399000000.0,274000000.0,5464000000.0,5738000000.0,2789000000.0,0.0,2763000000.0,1215000000.0,0.0,0.0,1384000000.0,0.0,1384000000.0,1.53,1.52,902200000.0,909700000.0,0.0,0.586191842335,0.201945865037,0.173942871398,0.0863165772733,0.140825745291,3238000000.0,2789000000.0,1384000000.0,0.172321317201,0.0863165772733,970000000.0,0.0,970000000.0,1427000000.0,1180000000.0,4384000000.0,3796000000.0,3449000000.0,0.0,67000000.0,7574000000.0,11958000000.0,1110000000.0,298000000.0,3534000000.0,6269000000.0,6567000000.0,0.0,277000000.0,0.0,8468000000.0,12257000000.0,0.0,18861000000.0,-299000000.0,0.0,5597000000.0,0.0,255000000.0,449000000.0,125000000.0,2949000000.0,691000000.0,-13000000.0,-1694000000.0,-685000000.0,-9181000000.0,-1551000000.0,-0.0,-2276000000.0,-107000000.0,-119000000.0,2258000000.0,0.0
CL,2014-12-31,17277000000.0,-0.00820895522388,7168000000.0,10109000000.0,277000000.0,5982000000.0,6259000000.0,3557000000.0,0.0,3533000000.0,1194000000.0,0.0,0.0,2180000000.0,0.0,2180000000.0,2.38,2.36,915100000.0,924300000.0,0.0,0.585113156219,0.231463795798,0.205880650576,0.126179313538,0.147074144817,3999000000.0,3557000000.0,2180000000.0,0.204491520519,0.126179313538,1089000000.0,0.0,1089000000.0,1552000000.0,1382000000.0,4863000000.0,4080000000.0,3720000000.0,0.0,76000000.0,8596000000.0,13459000000.0,1231000000.0,488000000.0,3946000000.0,5644000000.0,6132000000.0,0.0,294000000.0,0.0,8128000000.0,12314000000.0,0.0,18832000000.0,1145000000.0,0.0,5043000000.0,0.0,240000000.0,442000000.0,131000000.0,3298000000.0,757000000.0,-87000000.0,-1587000000.0,-859000000.0,-8525000000.0,-1530000000.0,-0.0,-2170000000.0,-142000000.0,127000000.0,2541000000.0,0.0
ADM,2019-12-31,64656000000.0,0.00489578962093,60509000000.0,4147000000.0,154000000.0,2493000000.0,2647000000.0,1588000000.0,402000000.0,1588000000.0,209000000.0,0.0,0.0,1379000000.0,0.0,1379000000.0,2.45,2.44,563000000.0,565000000.0,1.39646017699,0.0641394456818,0.039918955704,0.024560752289,0.0213282603316,-0.09712942341,2581000000.0,1588000000.0,1379000000.0,0.024560752289,0.0213282603316,852000000.0,4458000000.0,852000000.0,2267000000.0,9170000000.0,21347000000.0,10106000000.0,5476000000.0,5132000000.0,0.0,22650000000.0,43997000000.0,3746000000.0,7000000.0,13734000000.0,7672000000.0,7679000000.0,0.0,0.0,0.0,10980000000.0,24772000000.0,17000000,18958000000.0,19225000000.0,9590000000.0,6827000000.0,0.0,58000000.0,993000000.0,89000000.0,-5452000000.0,828000000.0,-1946000000.0,-177000000.0,5259000000.0,-626000000.0,-150000000.0,-789000000.0,-660000000.0,0.0,852000000.0,-6280000000.0,0.0
ADM,2018-12-31,64341000000.0,0.0577530084829,60160000000.0,4181000000.0,141000000.0,2165000000.0,2306000000.0,2060000000.0,364000000.0,2060000000.0,245000000.0,0.0,0.0,1810000000.0,0.0,1810000000.0,3.21,3.19,564000000.0,567000000.0,1.33686067019,0.0649818933495,0.0466421100076,0.0320169099019,0.0281313625837,-0.0874403568487,3001000000.0,2060000000.0,1810000000.0,0.0320169099019,0.0281313625837,1997000000.0,6000000.0,2003000000.0,2233000000.0,8813000000.0,20588000000.0,9953000000.0,4041000000.0,7000000.0,0.0,20245000000.0,40833000000.0,3545000000.0,582000000.0,11776000000.0,7698000000.0,8280000000.0,0.0,0.0,0.0,10012000000.0,21837000000.0,15000000,18527000000.0,18996000000.0,13000000.0,6283000000.0,0.0,49000000.0,941000000.0,109000000.0,-4784000000.0,842000000.0,-464000000.0,-77000000.0,6582000000.0,-30000000.0,-77000000.0,-758000000.0,187000000.0,0.0,1997000000.0,-5626000000.0,0.0
ADM,2017-12-31,60828000000.0,-0.0243479934559,57322000000.0,3506000000.0,129000000.0,1993000000.0,2122000000.0,1609000000.0,330000000.0,1609000000.0,7000000.0,0.0,0.0,1595000000.0,0.0,1595000000.0,2.8,2.79,569000000.0,572000000.0,1.27622377622,0.0576379299007,0.0416420069705,0.0264516341159,0.0262214769514,0.0191030446505,2533000000.0,1609000000.0,1595000000.0,0.0264516341159,0.0262214769514,804000000.0,4826000000.0,804000000.0,1947000000.0,9173000000.0,19925000000.0,10138000000.0,3918000000.0,92000000.0,0.0,20038000000.0,39963000000.0,3894000000.0,13000000.0,12570000000.0,6623000000.0,6636000000.0,0.0,0.0,0.0,9018000000.0,21641000000.0,9000000,17552000000.0,18322000000.0,4918000000.0,5832000000.0,0.0,53000000.0,924000000.0,66000000.0,2211000000.0,1049000000.0,-187000000.0,-750000000.0,-886000000.0,-835000000.0,-750000000.0,-730000000.0,-1028000000.0,0.0,804000000.0,1162000000.0,0.0
ADM,2016-12-31,62346000000.0,-0.0791113999586,58662000000.0,3684000000.0,123000000.0,2045000000.0,2168000000.0,1822000000.0,293000000.0,1822000000.0,534000000.0,0.0,0.0,1279000000.0,0.0,1279000000.0,2.18,2.16,588000000.0,591000000.0,1.18612521151,0.0590895967664,0.0436595771982,0.0292240079556,0.0205145478459,0.00951143617874,2722000000.0,1822000000.0,1279000000.0,0.0292240079556,0.0205145478459,619000000.0,296000000.0,915000000.0,1905000000.0,8831000000.0,21045000000.0,9758000000.0,3703000000.0,187000000.0,0.0,18724000000.0,39769000000.0,3606000000.0,273000000.0,13173000000.0,6504000000.0,6777000000.0,0.0,0.0,0.0,9391000000.0,22588000000.0,8000000,17444000000.0,17181000000.0,483000000.0,6158000000.0,0.0,24000000.0,900000000.0,74000000.0,1475000000.0,882000000.0,-130000000.0,-1000000000.0,-1211000000.0,-14000000.0,-1000000000.0,-701000000.0,-579000000.0,0.0,619000000.0,593000000.0,0.0
ADM,2015-12-31,67702000000.0,-0.166241795052,63682000000.0,4020000000.0,122000000.0,2010000000.0,2132000000.0,2284000000.0,308000000.0,2284000000.0,438000000.0,0.0,0.0,1849000000.0,0.0,1849000000.0,2.99,2.98,618000000.0,621000000.0,1.10628019324,0.0593778618062,0.0467637588254,0.0337360786978,0.0273108623084,0.0200289504003,3166000000.0,2284000000.0,1849000000.0,0.0337360786978,0.0273108623084,910000000.0,438000000.0,1348000000.0,1738000000.0,8243000000.0,21829000000.0,9853000000.0,3688000000.0,439000000.0,0.0,18328000000.0,40157000000.0,3474000000.0,12000000.0,13505000000.0,5779000000.0,5791000000.0,0.0,0.0,0.0,8737000000.0,22242000000.0,16000000,16865000000.0,17915000000.0,877000000.0,4881000000.0,0.0,0.0,882000000.0,79000000.0,2481000000.0,1125000000.0,-479000000.0,-2040000000.0,-21000000.0,-994000000.0,-2040000000.0,-687000000.0,-2649000000.0,0.0,-189000000.0,1356000000.0,0.0
ADM,2014-12-31,81201000000.0,-0.0957975145873,76433000000.0,4768000000.0,79000000.0,1907000000.0,1986000000.0,3130000000.0,337000000.0,3130000000.0,877000000.0,0.0,0.0,2248000000.0,0.0,2248000000.0,3.44,3.43,653000000.0,656000000.0,0.951219512195,0.0587184886886,0.0495560399502,0.0385463233211,0.0276843881233,0.0500979051982,4024000000.0,3130000000.0,2248000000.0,0.0385463233211,0.0276843881233,1099000000.0,515000000.0,1614000000.0,2704000000.0,9374000000.0,26028000000.0,9960000000.0,3283000000.0,485000000.0,0.0,17999000000.0,44027000000.0,4326000000.0,24000000.0,15602000000.0,5558000000.0,5582000000.0,0.0,0.0,0.0,8795000000.0,24397000000.0,55000000,15701000000.0,19630000000.0,1000000000.0,4483000000.0,0.0,0.0,894000000.0,55000000.0,4962000000.0,894000000.0,-2758000000.0,-1183000000.0,-3407000000.0,-1251000000.0,-1183000000.0,-624000000.0,-3577000000.0,0.0,-2022000000.0,4068000000.0,0.0
CHD,2019-12-31,4357700000.0,0.0510866156926,2373700000.0,1984000000.0,93600000.0,628800000.0,722400000.0,840200000.0,73600000.0,773700000.0,157800000.0,0.0,0.0,615900000.0,0.0,615900000.0,2.5,2.44,246200000.0,252100000.0,0.88893296311,0.455286045391,0.233288202492,0.192808132731,0.141336025885,0.181471877367,1016600000.0,840200000.0,615900000.0,0.177547788971,0.141336025885,155700000.0,0.0,155700000.0,356400000.0,417400000.0,956400000.0,573000000.0,4829500000.0,9700000.0,0.0,5701000000.0,6657400000.0,831900000.0,0.0,1092300000.0,1810200000.0,1810200000.0,0.0,7500000.0,0.0,2705300000.0,3989600000.0,0.0,4237400000.0,2667800000.0,9700000.0,1654500000.0,0.0,192000000.0,176400000.0,20800000.0,864500000.0,73700000.0,-475000000.0,-250000000.0,-553500000.0,-600000000.0,-250000000.0,-224100000.0,-472900000.0,900000.0,-161000000.0,790800000.0,0.0
CHD,2018-12-31,4145900000.0,0.0979026534612,2305100000.0,1840800000.0,89700000.0,565900000.0,655600000.0,791700000.0,79400000.0,719500000.0,150900000.0,0.0,0.0,568600000.0,0.0,568600000.0,2.32,2.27,245500000.0,250700000.0,0.850817710411,0.444004920524,0.224993366941,0.190959743361,0.137147543356,0.169613352951,932800000.0,791700000.0,568600000.0,0.173544948021,0.137147543356,316700000.0,0.0,316700000.0,345300000.0,382800000.0,1078200000.0,598200000.0,4266900000.0,0.0,0.0,4991000000.0,6069200000.0,725100000.0,596500000.0,1326300000.0,1508800000.0,2105300000.0,0.0,2900000.0,0.0,2289100000.0,3615400000.0,0.0,3832600000.0,2453800000.0,0.0,1788600000.0,0.0,0.0,141100000.0,23300000.0,763600000.0,60400000.0,-49800000.0,-200000000.0,-116800000.0,-0.0,-200000000.0,-213300000.0,-609000000.0,-4700000.0,37800000.0,703200000.0,0.0
CHD,2017-12-31,3776200000.0,0.0810454896797,2046600000.0,1729600000.0,70800000.0,542700000.0,613500000.0,732700000.0,52600000.0,692700000.0,-50700000.0,0.0,0.0,743400000.0,0.0,743400000.0,2.97,2.9,250600000.0,256100000.0,0.743459586099,0.458026587575,0.227239023357,0.194031036492,0.196864572851,0.168555690906,858100000.0,732700000.0,743400000.0,0.183438377205,0.196864572851,278900000.0,0.0,278900000.0,345900000.0,330700000.0,1000200000.0,607700000.0,4279400000.0,0.0,0.0,5014600000.0,6014800000.0,659100000.0,270900000.0,935000000.0,2103400000.0,2374300000.0,0.0,5000000.0,0.0,2861800000.0,3796800000.0,0.0,3479000000.0,2218000000.0,0.0,2095400000.0,0.0,0.0,125400000.0,18100000.0,681500000.0,45000000.0,-1260000000.0,-400000000.0,-1289300000.0,-200000000.0,-400000000.0,-190400000.0,698900000.0,14100000.0,91100000.0,636500000.0,0.0
CHD,2016-12-31,3493100000.0,0.0289560504301,1902500000.0,1590600000.0,63200000.0,439200000.0,502400000.0,724200000.0,27700000.0,705900000.0,246900000.0,0.0,0.0,459000000.0,0.0,459000000.0,1.78,1.75,257600000.0,262100000.0,0.698206791301,0.455354842404,0.238126592425,0.207323008216,0.131401906616,0.173341730841,831800000.0,724200000.0,459000000.0,0.202084108671,0.131401906616,187800000.0,0.0,187800000.0,287000000.0,258200000.0,756800000.0,588600000.0,2875900000.0,0.0,0.0,3597300000.0,4354100000.0,568900000.0,426800000.0,1001900000.0,693400000.0,1120200000.0,0.0,6200000.0,0.0,1374300000.0,2376200000.0,0.0,2926000000.0,1977900000.0,0.0,932400000.0,0.0,0.0,107600000.0,16000000.0,655300000.0,49800000.0,-305300000.0,-400000000.0,-357900000.0,-0.0,-400000000.0,-183000000.0,-439600000.0,-3300000.0,-142200000.0,605500000.0,0.0
CHD,2015-12-31,3394800000.0,0.0294759825328,1883000000.0,1511800000.0,64700000.0,420100000.0,484800000.0,674200000.0,30500000.0,635400000.0,225000000.0,0.0,0.0,410400000.0,0.0,410400000.0,3.13,3.07,131100000.0,133600000.0,1.3121257485,0.445328148934,0.228349240014,0.198597855544,0.120890774125,0.160333451161,775200000.0,674200000.0,410400000.0,0.187168610817,0.120890774125,330000000.0,0.0,330000000.0,276200000.0,274000000.0,906000000.0,609600000.0,2624400000.0,0.0,0.0,3350900000.0,4256900000.0,508300000.0,0.0,872700000.0,692800000.0,692800000.0,0.0,7200000.0,0.0,1335900000.0,2233700000.0,0.0,2650000000.0,2023200000.0,0.0,362800000.0,0.0,25100000.0,101000000.0,16100000.0,606100000.0,61800000.0,-74900000.0,-363100000.0,-164100000.0,-250000000.0,-363100000.0,-175300000.0,-535000000.0,-22900000.0,-93000000.0,544300000.0,0.0
CHD,2014-12-31,3297600000.0,0.0323388535829,1844700000.0,1452900000.0,59800000.0,394800000.0,454600000.0,641200000.0,27400000.0,624900000.0,211000000.0,0.0,0.0,413900000.0,0.0,413900000.0,3.06,3.01,135100000.0,137500000.0,1.21818181818,0.440593158661,0.222100921883,0.194444444444,0.125515526443,0.142467248908,732400000.0,641200000.0,413900000.0,0.189501455604,0.125515526443,423000000.0,14400000.0,423000000.0,322900000.0,245900000.0,1032500000.0,616200000.0,2597400000.0,24800000.0,14400000.0,3348800000.0,4381300000.0,507700000.0,249900000.0,905300000.0,698600000.0,948500000.0,0.0,1000000.0,0.0,1345800000.0,2279400000.0,0.0,2414900000.0,2101900000.0,39200000.0,525500000.0,0.0,28300000.0,91200000.0,17000000.0,540300000.0,70500000.0,-215700000.0,-478800000.0,-288400000.0,-4200000.0,-478800000.0,-167500000.0,-306600000.0,-19200000.0,-73900000.0,469800000.0,0.0
BG,2019-12-31,41140000000.0,-0.100627418403,40598000000.0,542000000.0,15000000.0,1351000000.0,1366000000.0,-1205000000.0,339000000.0,-1205000000.0,86000000.0,0.0,0.0,-1280000000.0,34000000.0,-1280000000.0,-9.34,-9.34,141492289.0,141492289.0,2.00010899534,0.0131745260088,-0.015969859018,-0.0292902284881,-0.031113271755,-0.03237724842,-657000000.0,-1205000000.0,-1280000000.0,-0.0292902284881,-0.031113271755,320000000.0,393000000.0,713000000.0,1705000000.0,5038000000.0,10248000000.0,4132000000.0,1194000000.0,827000000.0,442000000.0,8069000000.0,18317000000.0,2842000000.0,507000000.0,6595000000.0,3716000000.0,4223000000.0,411000000.0,311000000.0,0.0,4756000000.0,12404000000.0,5099000000,6437000000.0,5913000000.0,1220000000.0,3903000000.0,0.0,1053000000.0,548000000.0,39000000.0,-808000000.0,524000000.0,-0.0,56000000.0,1503000000.0,-5698000000.0,-320000000.0,-283000000.0,-771000000.0,5000000.0,-71000000.0,-1332000000.0,0.0
BG,2018-12-31,45743000000.0,-0.00111368301524,43477000000.0,2266000000.0,15000000.0,1423000000.0,1438000000.0,456000000.0,339000000.0,456000000.0,179000000.0,0.0,0.0,267000000.0,34000000.0,267000000.0,1.65,1.64,140968980.0,141703783.0,1.91244012166,0.0495376341735,0.0235664473253,0.0099687383862,0.00583695866034,-0.0384102485626,1078000000.0,456000000.0,267000000.0,0.0099687383862,0.00583695866034,389000000.0,162000000.0,551000000.0,1637000000.0,5871000000.0,11068000000.0,5201000000.0,1424000000.0,451000000.0,458000000.0,8357000000.0,19425000000.0,3501000000.0,419000000.0,7172000000.0,4203000000.0,4622000000.0,405000000.0,0.0,0.0,5451000000.0,13252000000.0,5048000000,8059000000.0,6173000000.0,613000000.0,4233000000.0,0.0,629000000.0,622000000.0,46000000.0,-1264000000.0,493000000.0,-981000000.0,-1184000000.0,410000000.0,-10262000000.0,0.0,-271000000.0,631000000.0,11000000.0,-212000000.0,-1757000000.0,0.0
BG,2017-12-31,45794000000.0,0.0729867147778,44030000000.0,1764000000.0,20000000.0,1445000000.0,1465000000.0,230000000.0,263000000.0,230000000.0,56000000.0,0.0,0.0,160000000.0,34000000.0,160000000.0,0.9,0.89,140365549.0,141265077.0,1.74848593329,0.0385203301743,0.0183211774468,0.00502249202952,0.0034939074988,0.00751190112242,839000000.0,230000000.0,160000000.0,0.00502249202952,0.0034939074988,601000000.0,213000000.0,814000000.0,1501000000.0,5074000000.0,10403000000.0,5310000000.0,838000000.0,461000000.0,516000000.0,8468000000.0,18871000000.0,3395000000.0,15000000.0,6215000000.0,4160000000.0,4175000000.0,406000000.0,0.0,0.0,5299000000.0,11723000000.0,4996000000,8081000000.0,7148000000.0,674000000.0,3574000000.0,0.0,209000000.0,609000000.0,29000000.0,1006000000.0,662000000.0,-369000000.0,-944000000.0,-1162000000.0,-9010000000.0,0.0,-247000000.0,-180000000.0,3000000.0,-333000000.0,344000000.0,0.0
BG,2016-12-31,42679000000.0,-0.0178575537913,40269000000.0,2410000000.0,17000000.0,1286000000.0,1303000000.0,996000000.0,234000000.0,996000000.0,220000000.0,0.0,0.0,745000000.0,36000000.0,745000000.0,5.07,5.01,139845124.0,148226475.0,1.50445458546,0.0564680522037,0.0361536118466,0.0233370041472,0.0174558916563,0.0262424143021,1543000000.0,996000000.0,745000000.0,0.0233370041472,0.0174558916563,840000000.0,94000000.0,934000000.0,1676000000.0,4773000000.0,11092000000.0,5099000000.0,709000000.0,373000000.0,524000000.0,8096000000.0,19188000000.0,3485000000.0,938000000.0,7684000000.0,3069000000.0,4007000000.0,395000000.0,144000000.0,0.0,4161000000.0,12044000000.0,4913000000,8208000000.0,7144000000.0,467000000.0,3167000000.0,0.0,199000000.0,547000000.0,44000000.0,1904000000.0,784000000.0,-34000000.0,-753000000.0,-926000000.0,-10080000000.0,-200000000.0,-223000000.0,-488000000.0,33000000.0,523000000.0,1120000000.0,0.0
BG,2015-12-31,43455000000.0,-0.239778870209,40762000000.0,2693000000.0,16000000.0,1435000000.0,1451000000.0,1051000000.0,258000000.0,1051000000.0,296000000.0,0.0,0.0,791000000.0,53000000.0,791000000.0,5.14,5.07,143671546.0,152238967.0,1.35970444413,0.061972155103,0.0367276492924,0.0241859394776,0.0182027384651,-0.000897480151881,1596000000.0,1051000000.0,791000000.0,0.0241859394776,0.0182027384651,177000000.0,234000000.0,411000000.0,1607000000.0,4466000000.0,10916000000.0,4736000000.0,744000000.0,329000000.0,417000000.0,7006000000.0,17922000000.0,2675000000.0,869000000.0,7340000000.0,2934000000.0,3803000000.0,371000000.0,120000000.0,0.0,3893000000.0,11481000000.0,5075000000,7725000000.0,6441000000.0,563000000.0,3626000000.0,0.0,248000000.0,545000000.0,46000000.0,610000000.0,649000000.0,-347000000.0,-535000000.0,-802000000.0,-8659000000.0,-275000000.0,-207000000.0,360000000.0,-119000000.0,49000000.0,-39000000.0,0.0
BG,2014-12-31,57161000000.0,-0.0682347955075,54540000000.0,2621000000.0,20000000.0,1691000000.0,1711000000.0,734000000.0,347000000.0,734000000.0,249000000.0,0.0,0.0,515000000.0,48000000.0,515000000.0,3.2,3.17,146209508.0,147230778.0,1.27011486688,0.045852941691,0.0234600514337,0.0128409230069,0.00900963943948,0.00979688948759,1341000000.0,734000000.0,515000000.0,0.0128409230069,0.00900963943948,254000000.0,108000000.0,362000000.0,1840000000.0,5554000000.0,13081000000.0,5626000000.0,605000000.0,294000000.0,565000000.0,8351000000.0,21432000000.0,3248000000.0,408000000.0,8704000000.0,2855000000.0,3263000000.0,392000000.0,0.0,0.0,4001000000.0,12986000000.0,5323000000,7180000000.0,8446000000.0,402000000.0,3009000000.0,0.0,281000000.0,607000000.0,49000000.0,1399000000.0,839000000.0,-39000000.0,-496000000.0,-685000000.0,-13667000000.0,-226000000.0,-187000000.0,-1058000000.0,-36000000.0,-380000000.0,560000000.0,0.0
PBH,2019-03-31,975777000.0,-0.0628153276238,420201000.0,555576000.0,0.0,89759000.0,488073000.0,67503000.0,0.0,-38055000.0,-2255000.0,0.0,0.0,-35800000.0,0.0,-35800000.0,-0.69,-0.69,52068000.0,52068000.0,0.0,0.569367796126,0.107816642532,0.0691787160386,-0.0366887106378,0.183242687622,105205000.0,67503000.0,-35800000.0,-0.0389996894782,-0.0366887106378,27530000.0,0.0,27530000.0,148787000.0,119880000.0,300938000.0,51176000.0,3085793000.0,0.0,1000000.0,3140098000.0,3441036000.0,56560000.0,0.0,126979000.0,1798598000.0,1798598000.0,0.0,88000.0,0.0,2218226000.0,2345205000.0,419222000,701820000.0,1095831000.0,0.0,1771068000.0,0.0,0.0,37702000.0,7438000.0,189284000.0,10480000.0,-0.0,-49978000.0,55432000.0,-0.0,-49978000.0,-0.0,-249328000.0,-406000.0,-5018000.0,178804000.0,0.0
PBH,2018-03-31,1041179000.0,0.180394757726,464674000.0,576505000.0,0.0,85001000.0,360639000.0,215866000.0,0.0,107086000.0,-232484000.0,0.0,0.0,339570000.0,0.0,339570000.0,6.4,6.34,53099000.0,53526000.0,0.0,0.553704022075,0.245907764179,0.207328422874,0.326139885649,0.189763719783,256034000.0,215866000.0,339570000.0,0.102850710589,0.326139885649,32548000.0,0.0,32548000.0,140881000.0,118547000.0,303477000.0,52552000.0,3401014000.0,0.0,26000.0,3457135000.0,3760612000.0,61390000.0,0.0,123199000.0,1992952000.0,1992952000.0,0.0,1901000.0,0.0,2458803000.0,2582002000.0,461114000,736277000.0,1178610000.0,0.0,1960404000.0,0.0,0.0,40168000.0,8909000.0,210110000.0,12532000.0,-0.0,0.0,-11562000.0,-0.0,-32548000.0,-0.0,-208955000.0,1100000.0,-9307000.0,197578000.0,0.0
PBH,2017-03-31,882060000.0,0.0940319777934,381774000.0,500286000.0,0.0,89143000.0,294673000.0,205613000.0,0.0,110850000.0,41455000.0,0.0,0.0,69395000.0,0.0,69395000.0,1.31,1.3,52976000.0,53362000.0,0.0,0.567179103462,0.27213341496,0.233105457679,0.0786737863637,0.164155499626,240038000.0,205613000.0,69395000.0,0.125671723012,0.0786737863637,41855000.0,0.0,41855000.0,136742000.0,115609000.0,334434000.0,50595000.0,3518865000.0,0.0,1000000.0,3576914000.0,3911348000.0,70218000.0,0.0,162009000.0,2193732000.0,2193732000.0,0.0,3840000.0,0.0,2926790000.0,3088799000.0,451661000,396707000.0,822549000.0,0.0,2151877000.0,0.0,0.0,34425000.0,8148000.0,147772000.0,2977000.0,-0.0,0.0,-694595000.0,-0.0,-41855000.0,-0.0,561857000.0,-409000.0,14625000.0,144795000.0,0.0
PBH,2016-03-31,806247000.0,0.128213057794,339036000.0,467211000.0,0.0,72418000.0,206896000.0,260315000.0,0.0,157185000.0,57278000.0,0.0,0.0,99907000.0,0.0,99907000.0,1.89,1.88,52754000.0,53143000.0,0.0,0.579488667865,0.363393600224,0.322872519216,0.123916119998,0.211823423839,292985000.0,260315000.0,99907000.0,0.194958864963,0.123916119998,27230000.0,0.0,27230000.0,95247000.0,91263000.0,249013000.0,15540000.0,2682914000.0,0.0,10108000.0,2699778000.0,2948791000.0,38296000.0,0.0,106684000.0,1625309000.0,1625309000.0,0.0,3675000.0,0.0,2097771000.0,2204455000.0,440019000,327312000.0,744336000.0,0.0,1598079000.0,0.0,0.0,32670000.0,9954000.0,174350000.0,3568000.0,-0.0,0.0,-222971000.0,-80000000.0,-27230000.0,-0.0,54036000.0,497000.0,5912000.0,170782000.0,0.0
PBH,2015-03-31,714623000.0,0.187316097368,308400000.0,406223000.0,0.0,81273000.0,198664000.0,207559000.0,0.0,127458000.0,49198000.0,0.0,0.0,78260000.0,0.0,78260000.0,1.5,1.49,52170000.0,52670000.0,0.0,0.568443780847,0.327613300999,0.290445451658,0.109512288297,0.210116383044,234120000.0,207559000.0,78260000.0,0.178356979834,0.109512288297,21318000.0,0.0,21318000.0,87858000.0,74000000.0,201707000.0,13744000.0,2425351000.0,0.0,8097000.0,2467698000.0,2669405000.0,46115000.0,0.0,99037000.0,1588711000.0,1588711000.0,0.0,2642000.0,0.0,1942744000.0,2041781000.0,423106000,227405000.0,627624000.0,0.0,1567393000.0,0.0,0.0,26561000.0,6918000.0,156255000.0,6101000.0,-749666000.0,0.0,-805258000.0,-16072000.0,-21318000.0,-0.0,643265000.0,-1275000.0,-7013000.0,150154000.0,0.0
PBH,2014-03-31,601881000.0,-0.0348237724043,261830000.0,340051000.0,0.0,48481000.0,151435000.0,188616000.0,0.0,101748000.0,29133000.0,0.0,0.0,72615000.0,0.0,72615000.0,1.41,1.39,51641000.0,52349000.0,0.0,0.564980452947,0.35324923033,0.313377561345,0.120646772369,0.180796536192,212614000.0,188616000.0,72615000.0,0.169050028162,0.120646772369,28331000.0,0.0,28331000.0,65050000.0,65586000.0,177185000.0,9597000.0,1585728000.0,0.0,6544000.0,1618478000.0,1795663000.0,48286000.0,0.0,84358000.0,934414000.0,934414000.0,0.0,1854000.0,0.0,1147945000.0,1232303000.0,412956000,149145000.0,563360000.0,0.0,906083000.0,0.0,0.0,23998000.0,5146000.0,111582000.0,2764000.0,-55215000.0,0.0,-57976000.0,-157500000.0,-28331000.0,-0.0,-41153000.0,208000.0,12661000.0,108818000.0,0.0
AVP,2019-12-31,4494100000.0,-0.193348051622,2010100000.0,2753100000.0,40600000.0,2627500000.0,2668100000.0,125600000.0,127600000.0,138400000.0,103100000.0,0.0,0.0,-300000.0,0.0,-300000.0,0.0,0.0,0.0,0.0,0.0,0.61260319085,0.0486193008611,0.0279477537215,-6.67541888253e-05,0.00796599986649,218500000.0,125600000.0,-300000.0,0.0307959324448,-6.67541888253e-05,650600000.0,4300000.0,654900000.0,280200000.0,452300000.0,1660700000.0,475100000.0,0.0,0.0,161200000.0,1425600000.0,3086300000.0,723300000.0,1800000.0,1401100000.0,1590400000.0,1592200000.0,51000000.0,7400000.0,0.0,1809600000.0,4076900000.0,0.0,2138900000.0,-990600000.0,4300000.0,941600000.0,0.0,866200000.0,92900000.0,15600000.0,94300000.0,58500000.0,-0.0,-9600000.0,50200000.0,-379000000.0,-9600000.0,-8700000.0,1100000.0,-300000.0,650600000.0,35800000.0,0.0
AVP,2018-12-31,5571300000.0,-0.0252466932606,2364000000.0,3207300000.0,48000000.0,2972100000.0,3020100000.0,235200000.0,134600000.0,108100000.0,129900000.0,0.0,0.0,-19500000.0,24300000.0,-19500000.0,-0.1,-0.1,441900000.0,441900000.0,0.000226295541978,0.57568251575,0.0615475741748,0.0422163588391,-0.00350008077109,-0.000394880907508,342900000.0,235200000.0,-19500000.0,0.0194030118644,-0.00350008077109,532700000.0,3800000.0,536500000.0,349700000.0,542000000.0,1762000000.0,557600000.0,0.0,0.0,212600000.0,1248000000.0,3010000000.0,816500000.0,12000000.0,1496500000.0,1581600000.0,1593600000.0,84400000.0,15900000.0,0.0,1789900000.0,3914500000.0,0.0,2234300000.0,-904500000.0,3800000.0,1060900000.0,0.0,628100000.0,107700000.0,13800000.0,92700000.0,94900000.0,-0.0,-3200000.0,-93400000.0,-278400000.0,-3200000.0,-100000.0,-306900000.0,-37500000.0,-345100000.0,-2200000.0,0.0
AVP,2017-12-31,5715600000.0,-0.000367280549871,2203300000.0,3512300000.0,52900000.0,3239000000.0,3291900000.0,273300000.0,140800000.0,120700000.0,100700000.0,0.0,0.0,22000000.0,-23100000.0,22000000.0,0.0,0.0,439700000.0,439700000.0,0.0,0.614511162433,0.0677619147596,0.0478165022045,0.00384911470362,0.0304255021345,387300000.0,273300000.0,22000000.0,0.0211176429421,0.00384911470362,881500000.0,3700000.0,885200000.0,457200000.0,598200000.0,2233300000.0,702700000.0,0.0,0.0,203800000.0,1464600000.0,3697900000.0,832200000.0,25700000.0,1559600000.0,1872200000.0,1897900000.0,0.0,12800000.0,0.0,2041500000.0,4422900000.0,0.0,2320300000.0,-725000000.0,3700000.0,1016400000.0,0.0,821800000.0,114000000.0,24200000.0,271200000.0,97300000.0,-0.0,-7200000.0,-69600000.0,-13200000.0,-7200000.0,-0.0,0.0,34100000.0,227100000.0,173900000.0,0.0
AVP,2016-12-31,5717700000.0,-0.0718772826881,2257000000.0,3460700000.0,52100000.0,3138800000.0,3190900000.0,321900000.0,136600000.0,31200000.0,124600000.0,0.0,0.0,-107600000.0,18400000.0,-107600000.0,-0.29,-0.29,437000000.0,437000000.0,0.0,0.605260856638,0.0762194588733,0.0562988614303,-0.0188187557934,0.00612134249786,435800000.0,321900000.0,-107600000.0,0.00545673959809,-0.0188187557934,654400000.0,2800000.0,657200000.0,458900000.0,586400000.0,1992300000.0,711300000.0,0.0,0.0,162100000.0,1426600000.0,3418900000.0,768100000.0,18100000.0,1485700000.0,1875800000.0,1893900000.0,0.0,10700000.0,0.0,2160200000.0,4266900000.0,0.0,2322200000.0,-848000000.0,2800000.0,1239500000.0,0.0,621000000.0,113900000.0,24000000.0,128000000.0,93000000.0,-0.0,-5600000.0,-82700000.0,-696600000.0,-5600000.0,-0.0,137000000.0,-50400000.0,-30300000.0,35000000.0,0.0
AVP,2015-12-31,6160500000.0,-0.30400840545,2445400000.0,3715100000.0,61900000.0,3543200000.0,3605100000.0,165000000.0,120500000.0,22700000.0,819200000.0,0.0,0.0,-1148900000.0,0.0,-1148900000.0,-2.6,-2.6,435200000.0,435200000.0,0.25,0.603051700349,0.0472526580635,0.0267835402971,-0.186494602711,-0.000162324486649,291100000.0,165000000.0,-1148900000.0,0.00368476584693,-0.186494602711,686900000.0,2400000.0,689300000.0,443000000.0,624000000.0,2341100000.0,766900000.0,0.0,36300000.0,172800000.0,1538400000.0,3879500000.0,774200000.0,55200000.0,2195100000.0,2159600000.0,2214800000.0,0.0,23900000.0,0.0,2303100000.0,4949800000.0,0.0,2448100000.0,-1070300000.0,38700000.0,1527900000.0,0.0,451600000.0,126100000.0,51200000.0,91400000.0,92400000.0,-0.0,-38400000.0,142500000.0,-202100000.0,-3100000.0,-108800000.0,-430500000.0,-80700000.0,-275800000.0,-1000000.0,0.0
AVP,2014-12-31,8851400000.0,-0.110858864892,3499300000.0,5352100000.0,62500000.0,4952000000.0,5014500000.0,400100000.0,111100000.0,164200000.0,549100000.0,0.0,0.0,-388600000.0,0.0,-388600000.0,-0.88,-0.88,434500000.0,434500000.0,0.253624856157,0.604661409495,0.0669611586868,0.0452018889667,-0.0439026594663,0.0258377205866,592700000.0,400100000.0,-388600000.0,0.0185507377364,-0.0439026594663,960500000.0,21000000.0,981500000.0,563500000.0,822200000.0,2964500000.0,1231000000.0,0.0,36400000.0,685800000.0,2532300000.0,5496800000.0,895400000.0,137100000.0,2047200000.0,2463900000.0,2601000000.0,0.0,36800000.0,0.0,2642500000.0,5207000000.0,0.0,3702900000.0,289800000.0,57400000.0,1640500000.0,0.0,517300000.0,192600000.0,38900000.0,359800000.0,131100000.0,-0.0,-36600000.0,-105100000.0,-111400000.0,-9800000.0,-110200000.0,-218800000.0,-183300000.0,-147400000.0,228700000.0,0.0
POST,2019-09-30,5681100000.0,-0.0920699354344,3889000000.0,1792100000.0,25000000.0,911600000.0,1097900000.0,781000000.0,322400000.0,159100000.0,-3900000.0,0.0,0.0,124700000.0,3000000.0,124700000.0,1.72,1.66,70800000.0,75100000.0,0.0,0.315449472813,0.204291422436,0.137473376635,0.0219499744768,0.0728908133988,1160600000.0,781000000.0,124700000.0,0.0280051398497,0.0219499744768,1050700000.0,0.0,1050700000.0,445100000.0,579800000.0,2126300000.0,1736000000.0,7738300000.0,0.0,21900000.0,9825300000.0,11951600000.0,395600000.0,13500000.0,802900000.0,7066000000.0,7079500000.0,0.0,8600000.0,0.0,8211400000.0,9025700000.0,2814100000,207800000.0,2925900000.0,0.0,6028800000.0,0.0,11400000.0,379600000.0,38900000.0,688000000.0,273900000.0,-0.0,-322100000.0,26700000.0,-919100000.0,-322100000.0,-0.0,-652400000.0,-2300000.0,1054500000.0,414100000.0,0.0
POST,2018-09-30,6257200000.0,0.19736691033,4390400000.0,1866800000.0,25100000.0,975200000.0,1177700000.0,587500000.0,387300000.0,264700000.0,-204000000.0,0.0,0.0,467300000.0,10000000.0,467300000.0,6.87,6.16,66600000.0,75900000.0,0.0,0.298344307358,0.157562488014,0.0938918366042,0.0746819663747,0.0789969954612,985900000.0,587500000.0,467300000.0,0.0423032666368,0.0746819663747,989700000.0,0.0,989700000.0,462300000.0,484200000.0,2200300000.0,1709700000.0,8038900000.0,0.0,41500000.0,10857200000.0,13057500000.0,365100000.0,22100000.0,792100000.0,7232100000.0,7254200000.0,0.0,9900000.0,0.0,8509800000.0,10007100000.0,3001000000,88000000.0,3050400000.0,0.0,6264500000.0,0.0,705200000.0,398400000.0,30900000.0,719300000.0,225000000.0,-1454400000.0,-218700000.0,-1676900000.0,-912100000.0,-218700000.0,-0.0,423400000.0,-2000000.0,-536200000.0,494300000.0,0.0
POST,2017-09-30,5225800000.0,0.0395878093419,3651700000.0,1574100000.0,18600000.0,867400000.0,1045100000.0,520300000.0,314800000.0,74400000.0,26100000.0,0.0,0.0,48300000.0,13500000.0,48300000.0,0.51,0.5,67800000.0,69900000.0,0.19313304721,0.30121703854,0.155497722837,0.0995637031651,0.00924260400321,0.0375636266218,812600000.0,520300000.0,48300000.0,0.0142370546136,0.00924260400321,1525900000.0,0.0,1525900000.0,480600000.0,573500000.0,2615900000.0,1690700000.0,7385900000.0,0.0,46400000.0,9260900000.0,11876800000.0,336000000.0,22100000.0,704400000.0,7149100000.0,7171200000.0,0.0,8600000.0,0.0,8382700000.0,9096800000.0,3195300000,-376000000.0,2780000000.0,0.0,5645300000.0,0.0,9700000.0,292300000.0,23600000.0,386700000.0,190400000.0,-1915200000.0,-317800000.0,-2090800000.0,-2088400000.0,-317800000.0,-13500000.0,2053100000.0,33300000.0,382300000.0,196300000.0,0.0
POST,2016-09-30,5026800000.0,0.0814508842132,3479400000.0,1547400000.0,16300000.0,839700000.0,1008600000.0,545700000.0,306500000.0,-30100000.0,-26800000.0,0.0,0.0,-3300000.0,25100000.0,-3300000.0,-0.41,-0.41,68800000.0,68800000.0,0.209302325581,0.307830031034,0.169730245882,0.108558128432,-0.000656481260444,0.0757738521525,853200000.0,545700000.0,-3300000.0,-0.00598790483011,-0.000656481260444,1143600000.0,0.0,1143600000.0,385000000.0,503100000.0,2076900000.0,1354400000.0,5913400000.0,0.0,0.0,7283700000.0,9360600000.0,264400000.0,12300000.0,634000000.0,4551200000.0,4563500000.0,0.0,9100000.0,0.0,5718000000.0,6352000000.0,3492600000,-424300000.0,3008600000.0,0.0,3419900000.0,0.0,0.0,307500000.0,17200000.0,502400000.0,121500000.0,-94400000.0,0.0,-196100000.0,-1632200000.0,-1143600000.0,-14400000.0,-4500000.0,400000.0,302200000.0,380900000.0,0.0
POST,2015-09-30,4648200000.0,0.927833768819,3473800000.0,1174400000.0,16800000.0,734100000.0,892600000.0,212700000.0,287500000.0,-167300000.0,-52000000.0,0.0,0.0,-115300000.0,17000000.0,-115300000.0,-2.33,-2.33,56700000.0,56700000.0,0.0,0.252656942472,0.112236994966,0.0457596488963,-0.0248053009767,0.0739426014371,521700000.0,212700000.0,-115300000.0,-0.0359924271761,-0.0248053009767,841400000.0,200000.0,841600000.0,366200000.0,465300000.0,1781700000.0,1333200000.0,6042100000.0,0.0,47700000.0,7438700000.0,9220400000.0,265200000.0,16000000.0,611000000.0,4511400000.0,4527400000.0,0.0,19100000.0,0.0,5633400000.0,6244400000.0,3485500000,-421000000.0,2976000000.0,200000.0,3686000000.0,0.0,0.0,309000000.0,22700000.0,451600000.0,107900000.0,-1239200000.0,0.0,-1248700000.0,-1225100000.0,-108700000.0,-0.0,1372400000.0,-2300000.0,573000000.0,343700000.0,0.0
POST,2014-09-30,2411100000.0,1.3315926893,1789900000.0,621200000.0,10200000.0,444400000.0,525400000.0,-207700000.0,183700000.0,-426900000.0,-83700000.0,0.0,0.0,-343200000.0,15400000.0,-343200000.0,-9.03,-9.03,39700000.0,39700000.0,0.0,0.257641740285,-0.0215254448177,-0.0861432541164,-0.142341669777,0.0280369955622,-51900000.0,-207700000.0,-343200000.0,-0.177056115466,-0.142341669777,268400000.0,0.0,268400000.0,413700000.0,380700000.0,1219000000.0,831900000.0,5529700000.0,0.0,0.0,6512100000.0,7731100000.0,225000000.0,25600000.0,519900000.0,3830500000.0,3856100000.0,8200000.0,5800000.0,0.0,4928000000.0,5447900000.0,2616000000,-305700000.0,2283200000.0,0.0,3587700000.0,0.0,0.0,155800000.0,14500000.0,183100000.0,115500000.0,-3564100000.0,0.0,-3800900000.0,-6900000.0,593400000.0,-0.0,3484200000.0,-7300000.0,-133600000.0,67600000.0,0.0
EL,2019-06-30,14863000000.0,0.0862383980121,3387000000.0,11476000000.0,0.0,8857000000.0,9163000000.0,2313000000.0,0.0,2307000000.0,513000000.0,0.0,0.0,1785000000.0,0.0,1785000000.0,4.91,4.82,363500000.0,370400000.0,1.64416846652,0.77211868398,0.193096952163,0.155621341586,0.120096884882,0.119289510866,2870000000.0,2313000000.0,1785000000.0,0.155217654578,0.120096884882,2987000000.0,0.0,2987000000.0,1831000000.0,2006000000.0,7212000000.0,2068000000.0,3071000000.0,0.0,0.0,5944000000.0,13156000000.0,1490000000.0,516000000.0,4605000000.0,2896000000.0,3412000000.0,0.0,0.0,0.0,4140000000.0,8770000000.0,0.0,9984000000.0,4386000000.0,0.0,425000000.0,0.0,25000000.0,557000000.0,243000000.0,2517000000.0,744000000.0,-0.0,-1555000000.0,462000000.0,172000000.0,-1555000000.0,-609000000.0,-2173000000.0,-11000000.0,806000000.0,1773000000.0,0.0
EL,2018-06-30,13683000000.0,0.157222598106,2844000000.0,10839000000.0,0.0,8556000000.0,8787000000.0,2052000000.0,0.0,1980000000.0,863000000.0,0.0,0.0,1108000000.0,0.0,1108000000.0,3.01,2.95,368000000.0,375700000.0,1.45328719723,0.792150844113,0.188774391581,0.149967112475,0.0809763940656,0.142074106556,2583000000.0,2052000000.0,1108000000.0,0.144705108529,0.0809763940656,2181000000.0,534000000.0,2715000000.0,1487000000.0,1618000000.0,6168000000.0,1823000000.0,3202000000.0,843000000.0,0.0,6399000000.0,12567000000.0,1182000000.0,183000000.0,3310000000.0,3361000000.0,3544000000.0,0.0,0.0,0.0,4547000000.0,7879000000.0,0.0,9040000000.0,4688000000.0,1377000000.0,1363000000.0,0.0,22000000.0,531000000.0,236000000.0,2573000000.0,629000000.0,-11000000.0,-1237000000.0,-369000000.0,10000000.0,-759000000.0,-546000000.0,-1172000000.0,13000000.0,1045000000.0,1944000000.0,0.0
EL,2017-06-30,11824000000.0,0.0498743595891,2437000000.0,9387000000.0,0.0,7469000000.0,7695000000.0,1692000000.0,0.0,1617000000.0,361000000.0,0.0,0.0,1249000000.0,0.0,1249000000.0,3.4,3.35,367100000.0,373000000.0,1.30294906166,0.793893775372,0.182341001353,0.143098782138,0.105632611637,0.109607577808,2156000000.0,1692000000.0,1249000000.0,0.136755751015,0.105632611637,1136000000.0,605000000.0,1741000000.0,1395000000.0,1479000000.0,4964000000.0,1671000000.0,3243000000.0,1026000000.0,0.0,6604000000.0,11568000000.0,835000000.0,189000000.0,2823000000.0,3383000000.0,3572000000.0,0.0,0.0,0.0,4343000000.0,7184000000.0,0.0,8452000000.0,4384000000.0,1631000000.0,2436000000.0,0.0,18000000.0,464000000.0,219000000.0,1800000000.0,504000000.0,-1681000000.0,-1680000000.0,-2214000000.0,141000000.0,-413000000.0,-486000000.0,630000000.0,6000000.0,222000000.0,1296000000.0,0.0
EL,2016-06-30,11262300000.0,0.0447014953063,2181100000.0,9081200000.0,0.0,7337800000.0,7470900000.0,1610300000.0,0.0,1555200000.0,434400000.0,0.0,0.0,1114600000.0,0.0,1114600000.0,3.01,2.96,370000000.0,376600000.0,1.12187997876,0.80633618355,0.179803414933,0.142981451391,0.0989673512515,0.112179572556,2025000000.0,1610300000.0,1114600000.0,0.138089022669,0.0989673512515,914100000.0,469300000.0,1383400000.0,1258300000.0,1263400000.0,4225100000.0,1583300000.0,1572300000.0,1107700000.0,0.0,4998200000.0,9223300000.0,716700000.0,331500000.0,2680500000.0,1910000000.0,2241500000.0,0.0,0.0,0.0,2955500000.0,5651400000.0,0.0,7693300000.0,3571900000.0,1577000000.0,1327400000.0,0.0,15400000.0,414700000.0,183500000.0,1788700000.0,525300000.0,-101300000.0,-2906100000.0,-1269300000.0,8000000.0,-889900000.0,-422500000.0,-604900000.0,-21800000.0,-107300000.0,1263400000.0,0.0
EL,2015-06-30,10780400000.0,-0.017175990081,2100600000.0,8679800000.0,0.0,7073500000.0,7073500000.0,1606300000.0,0.0,1560600000.0,467200000.0,0.0,0.0,1088900000.0,0.0,1088900000.0,2.87,2.82,379300000.0,385700000.0,0.907181747472,0.805146376758,0.186968943638,0.149001892323,0.101007383771,0.136386404957,2015600000.0,1606300000.0,1088900000.0,0.144762717524,0.101007383771,1021400000.0,503700000.0,1525100000.0,1174500000.0,1215800000.0,4468500000.0,1490200000.0,1471400000.0,420300000.0,0.0,3770700000.0,8239200000.0,635400000.0,29800000.0,2135600000.0,1607500000.0,1637300000.0,0.0,0.0,0.0,2449300000.0,4596000000.0,0.0,7004100000.0,3643200000.0,924000000.0,615900000.0,0.0,11100000.0,409300000.0,165000000.0,1943300000.0,473000000.0,-241000000.0,-2190000000.0,-1616200000.0,-5200000.0,-982800000.0,-349900000.0,-894800000.0,-40000000.0,-607700000.0,1470300000.0,0.0
EL,2014-06-30,10968800000.0,0.0773053615801,2158200000.0,8810600000.0,0.0,6985900000.0,6983000000.0,1827600000.0,59400000.0,1771800000.0,567700000.0,5000000.0,0.0,1204100000.0,0.0,1204100000.0,3.12,3.06,382798523.0,386200000.0,0.78,0.8032,0.202,0.1669,0.11,0.0934,2215800000.0,1831200000.0,1209100000.0,0.1615,0.1098,1629100000.0,0.0,1629100000.0,1379300000.0,1294000000.0,4825200000.0,1502600000.0,1050500000.0,13600000.0,0.0,3043600000.0,7868800000.0,524500000.0,18400000.0,2056700000.0,1324700000.0,1343100000.0,0.0,0.0,0.0,1942700000.0,3999400000.0,-100300000.0,6265800000.0,3854900000.0,13600000.0,-286000000.0,522800000.0,1513800000.0,384600000.0,112400000.0,1535200000.0,-510200000.0,-9200000.0,7800000.0,-511600000.0,-6700000.0,-582400000.0,-301800000.0,-856900000.0,-33300000.0,133400000.0,1025000000.0,0.0101
LW,2019-05-26,3756500000.0,0.0972047784561,2753000000.0,1003500000.0,15400000.0,335100000.0,350500000.0,668400000.0,0.0,620800000.0,133600000.0,0.0,0.0,478600000.0,0.0,478600000.0,3.19,3.18,146500000.0,147300000.0,0.769178547183,0.267136962598,0.221163316917,0.177931585252,0.127405829895,0.0922933581792,830800000.0,668400000.0,478600000.0,0.165260215626,0.127405829895,12200000.0,0.0,12200000.0,340100000.0,498300000.0,961500000.0,1597800000.0,243500000.0,0.0,0.0,2086600000.0,3048100000.0,289200000.0,38000000.0,552800000.0,2280200000.0,2318200000.0,0.0,0.0,0.0,2499900000.0,3052700000.0,0.0,803600000.0,-4600000.0,0.0,2306000000.0,0.0,0.0,162400000.0,18800000.0,680900000.0,334200000.0,-88600000.0,0.0,-423000000.0,-1000000.0,-12200000.0,-113300000.0,-299600000.0,-1700000.0,-43400000.0,346700000.0,0.0
LW,2018-05-27,3423700000.0,0.0807133838384,2544200000.0,879500000.0,13500000.0,299400000.0,312900000.0,580100000.0,0.0,554900000.0,121200000.0,0.0,0.0,416800000.0,0.0,416800000.0,2.83,2.82,146300000.0,147000000.0,0.749659863946,0.256885825277,0.211291877209,0.169436574466,0.121739638403,0.0509390425563,723400000.0,580100000.0,416800000.0,0.162076116482,0.121739638403,55600000.0,0.0,55600000.0,225900000.0,549700000.0,930400000.0,1420800000.0,170500000.0,0.0,0.0,1822200000.0,2752600000.0,254400000.0,38700000.0,518700000.0,2336700000.0,2375400000.0,0.0,0.0,0.0,2513100000.0,3087400000.0,0.0,426400000.0,-334800000.0,0.0,2319800000.0,0.0,55600000.0,143300000.0,13500000.0,481200000.0,306800000.0,-0.0,0.0,-306800000.0,-24800000.0,-55600000.0,-110200000.0,-178900000.0,3000000.0,-1500000.0,174400000.0,0.0
LW,2017-05-28,3168000000.0,0.0581162324649,2381500000.0,786500000.0,10600000.0,268200000.0,278800000.0,518300000.0,0.0,510400000.0,170200000.0,0.0,0.0,326900000.0,0.0,326900000.0,2.22,2.22,146100000.0,146600000.0,0.18690313779,0.248263888889,0.198042929293,0.16360479798,0.103188131313,0.0503472222222,627400000.0,518300000.0,326900000.0,0.161111111111,0.103188131313,57100000.0,0.0,57100000.0,185200000.0,525000000.0,858200000.0,1271200000.0,170200000.0,0.0,0.0,1627400000.0,2485600000.0,295000000.0,37900000.0,555400000.0,2365000000.0,2402900000.0,0.0,0.0,0.0,2526700000.0,3132800000.0,0.0,121000000.0,-647200000.0,0.0,2345800000.0,0.0,50700000.0,109100000.0,15400000.0,446900000.0,287400000.0,-0.0,0.0,-285300000.0,-2800000.0,-57100000.0,-27400000.0,-142000000.0,1100000.0,20700000.0,159500000.0,0.0
LW,2016-05-29,2994000000.0,6.68047297749e-05,2236000000.0,662000000.0,7000000.0,285000000.0,2612500000.0,377000000.0,-5900000.0,367000000.0,-145000000.0,9300000.0,0.0,285300000.0,0.0,281000000.0,1.92,1.92,146000000.0,146058934.0,0.0,0.2211,0.178,0.1274,0.095,0.0768,531600000.0,381300000.0,294600000.0,0.1226,0.0953,27000000.0,0.0,27000000.0,167800000.0,440700000.0,724700000.0,926800000.0,153500000.0,0.0,,,1930000000.0,229200000.0,2900000.0,317400000.0,124300000.0,,,,,,665000000.0,,,1265000000.0,0.0,,,85300000.0,95900000.0,3200000.0,382300000.0,-152300000.0,0.0,0.0,-144300000.0,12300000.0,0.0,-27400000.0,-232800000.0,600000.0,5800000.0,230000000.0,-0.0241
LW,2016-05-28,2993800000.0,0.0,2332000000.0,661800000.0,0.0,288500000.0,288500000.0,373300000.0,5900000.0,429800000.0,144500000.0,9300000.0,0.0,268300000.0,0.0,285300000.0,1.92,1.92,146058934.0,146058934.0,0.0,0.2211,0.178,0.1455,0.095,0.0817,511200000.0,435700000.0,277600000.0,0.1436,0.0917,36000000.0,2000000.0,38000000.0,187000000.0,499000000.0,780000000.0,1043000000.0,39600000.0,155200000.0,0.0,1378300000.0,2159000000.0,238000000.0,13500000.0,410000000.0,105000000.0,143000000.0,0.0,144000000.0,0.0,348100000.0,711000000.0,-9200000.0,1410000000.0,1401000000.0,0.0,106600000.0,58200000.0,158500000.0,95900000.0,3200000.0,382300000.0,-152300000.0,0.0,0.0,-144300000.0,12300000.0,0.0,0.0,-232800000.0,600000.0,5800000.0,230000000.0,-0.0241
LW,2016-05-27,,0.0,,587300000.0,,,205900000.0,381400000.0,6100000.0,,,9400000.0,0.0,,0.0,,,,,,0.0,,0.164,,0.093,,,414800000.0,,,,36400000.0,0.0,36400000.0,186500000.0,498900000.0,780000000.0,1043100000.0,173500000.0,155200000.0,0.0,1378300000.0,2158300000.0,238000000.0,38400000.0,409600000.0,104600000.0,143000000.0,0.0,144000000.0,0.0,348100000.0,757700000.0,-9200000.0,0.0,1400600000.0,155200000.0,106600000.0,58200000.0,133200000.0,96400000.0,6900000.0,382300000.0,-152300000.0,0.0,0.0,-144300000.0,12300000.0,0.0,0.0,-232800000.0,600000.0,5800000.0,239000000.0,-0.0241
LW,2015-05-31,,0.0,,691700000.0,,,262900000.0,428800000.0,5300000.0,,,,,,,,,,,,,,,,,,,455500000.0,,,,27000000.0,0.0,27000000.0,167800000.0,440700000.0,724700000.0,926800000.0,153500000.0,0.0,,,1930000000.0,229200000.0,2900000.0,317400000.0,124300000.0,,,,,,665000000.0,,,1265000000.0,0.0,100200000.0,89200000.0,85300000.0,,,302600000.0,-104900000.0,,,-106400000.0,-2300000.0,0.0,0.0,-203600000.0,,,,
LW,2015-05-28,2925000000.0,0.0,2337700000.0,661800000.0,0.0,205900000.0,288500000.0,373300000.0,5900000.0,408700000.0,140400000.0,9300000.0,0.0,260900000.0,0.0,268300000.0,1.83,1.83,146058934.0,,0.0,0.2008,0.175,0.1418,0.092,0.0757,463100000.0,435700000.0,270300000.0,0.1397,0.0927,36400000.0,0.0,36400000.0,186500000.0,498900000.0,780000000.0,1043100000.0,173500000.0,155200000.0,0.0,1304200000.0,2158300000.0,238000000.0,38400000.0,409600000.0,104600000.0,129200000.0,0.0,0.0,0.0,309200000.0,757700000.0,-5100000.0,0.0,1400600000.0,155200000.0,95100000.0,61500000.0,133200000.0,79200000.0,6800000.0,353700000.0,-114700000.0,-74900000.0,0.0,-171200000.0,-15700000.0,0.0,-27400000.0,-177700000.0,-1200000.0,3600000.0,257400000.0,-0.0241
LW,2014-05-25,2815200000.0,0.0,2229500000.0,587300000.0,0.0,222000000.0,2548200000.0,376800000.0,-6100000.0,378600000.0,117700000.0,9300000.0,0.0,298300000.0,0.0,260900000.0,,,,,0.0,0.208,0.175,0.1364,0.092,0.0712,533400000.0,376800000.0,307300000.0,0.1345,0.1074,30600000.0,0.0,30600000.0,171400000.0,488200000.0,751700000.0,1001300000.0,41700000.0,0.0,0.0,1205300000.0,2055900000.0,235900000.0,39200000.0,389200000.0,86500000.0,127200000.0,0.0,0.0,0.0,347600000.0,656800000.0,20700000.0,0.0,1357500000.0,0.0,98600000.0,61500000.0,114100000.0,,4800000.0,353700000.0,-96300000.0,0.0,0.0,-171200000.0,-15700000.0,0.0,0.0,-177700000.0,300000.0,13900000.0,213200000.0,
LW,2014-05-13,,0.0,,585700000.0,,,222000000.0,363700000.0,5300000.0,,,9000000.0,0.0,,0.0,,,,,,0.0,,0.192,,0.107,,,383900000.0,,,,30600000.0,0.0,30600000.0,171400000.0,488200000.0,751700000.0,1001300000.0,176600000.0,0.0,0.0,1205300000.0,2055900000.0,235900000.0,42700000.0,389200000.0,86500000.0,127200000.0,0.0,0.0,0.0,347600000.0,698400000.0,20700000.0,,1357500000.0,0.0,100200000.0,89200000.0,110600000.0,,5500000.0,386400000.0,-173200000.0,0.0,-1500000.0,-173200000.0,-3600000.0,0.0,0.0,-199600000.0,300000.0,13900000.0,197700000.0,
PPC,2019-12-29,11409219000.0,0.0431015094099,10338825000.0,1070394000.0,5100000.0,379910000.0,385010000.0,690568000.0,132630000.0,617545000.0,161009000.0,0.0,0.0,455924000.0,0.0,455924000.0,1.83,1.83,249401000.0,249709000.0,0.0,0.0938183411152,0.0862696210845,0.0605271929656,0.0399610174895,0.0279073440522,984269000.0,690568000.0,455924000.0,0.0541268425122,0.0399610174895,260568000.0,0.0,260568000.0,944000.0,1383535000.0,2598236000.0,301513000.0,1569803000.0,0.0,4426000.0,4504128000.0,7102364000.0,993780000.0,26392000.0,1648155000.0,235382000.0,261774000.0,41770000.0,0.0,0.0,634389000.0,4576701000.0,1720369000,877812000.0,2525663000.0,0.0,1206000.0,0.0,2294157000.0,293701000.0,10132000.0,666521000.0,348120000.0,-384694000.0,0.0,-717061000.0,-289917000.0,-260568000.0,-0.0,-34526000.0,4065000.0,-81001000.0,318401000.0,0.0
PPC,2018-12-30,10937784000.0,0.0157803827928,10094308000.0,843476000.0,4000000.0,343025000.0,347025000.0,495686000.0,162812000.0,332227000.0,85423000.0,0.0,0.0,247945000.0,0.0,247945000.0,1.0,1.0,248945000.0,249149000.0,0.0,0.0771158033474,0.0710219730066,0.0453186861251,0.0226686685347,0.0130724834208,776823000.0,495686000.0,247945000.0,0.0303742513109,0.0226686685347,338386000.0,0.0,338386000.0,1331000.0,1159519000.0,2234657000.0,2161702000.0,1513878000.0,0.0,4248000.0,3696545000.0,5931202000.0,830059000.0,30405000.0,1296223000.0,0.0,30405000.0,33328000.0,0.0,0.0,312473000.0,3921402000.0,1713142000,421888000.0,2009800000.0,0.0,-307981000.0,0.0,2312706000.0,281137000.0,13153000.0,491650000.0,348666000.0,-0.0,0.0,-338891000.0,-1117009000.0,-338386000.0,-0.0,-384246000.0,3534000.0,-227953000.0,142984000.0,0.0
PPC,2017-12-31,10767863000.0,0.357671921114,9296249000.0,1471614000.0,3700000.0,389517000.0,393217000.0,1072322000.0,107183000.0,982066000.0,263899000.0,0.0,0.0,694579000.0,0.0,694579000.0,2.79,2.79,248738000.0,248971000.0,0.0,0.136667229143,0.125366936782,0.0995854052006,0.0645048140007,0.0428542785138,1349934000.0,1072322000.0,694579000.0,0.0912034263437,0.0645048140007,581510000.0,0.0,581510000.0,0.0,1255070000.0,2516288000.0,2095147000.0,1619052000.0,0.0,0.0,3732364000.0,6248652000.0,762444000.0,47775000.0,1452523000.0,0.0,47775000.0,0.0,0.0,0.0,304851000.0,4402496000.0,1700751000,173943000.0,1846156000.0,0.0,-533735000.0,0.0,2645122000.0,277612000.0,3020000.0,801321000.0,339872000.0,-658520000.0,0.0,-992072000.0,-628677000.0,-581510000.0,-0.0,466395000.0,16364000.0,292008000.0,461449000.0,0.0
PPC,2016-12-25,7931123000.0,-0.0304373880821,7016763000.0,914360000.0,3400000.0,199781000.0,203181000.0,713510000.0,45921000.0,672635000.0,232906000.0,0.0,0.0,440532000.0,0.0,440532000.0,1.74,1.73,253669000.0,254126000.0,2.75420460716,0.115287582856,0.112723633211,0.0899633002792,0.0555447192031,0.0608971768563,894025000.0,713510000.0,440532000.0,0.0848095534516,0.0555447192031,120328000.0,0.0,120328000.0,0.0,813262000.0,1322368000.0,1505940000.0,164200000.0,0.0,0.0,1685850000.0,3008218000.0,555097000.0,94000.0,868301000.0,1011858000.0,1011952000.0,0.0,0.0,0.0,1243170000.0,2120874000.0,1469625000,-520635000.0,887344000.0,0.0,891624000.0,0.0,9403000.0,180515000.0,6102000.0,755483000.0,272500000.0,-0.0,0.0,-261662000.0,-556658000.0,-120328000.0,-699915000.0,-813131000.0,0.0,-319310000.0,482983000.0,0.0
PPC,2015-12-27,8180104000.0,-0.0469816907472,6925727000.0,1254377000.0,4100000.0,203881000.0,207981000.0,1044891000.0,37548000.0,992758000.0,346796000.0,0.0,0.0,645914000.0,0.0,645914000.0,2.5,2.5,258442000.0,258676000.0,5.79284510353,0.153344871899,0.14717001153,0.12773566204,0.0789615877744,0.0979283392974,1203866000.0,1044891000.0,645914000.0,0.121362515684,0.0789615877744,439638000.0,0.0,439638000.0,0.0,801357000.0,1746224000.0,1352529000.0,204018000.0,0.0,0.0,1572219000.0,3318443000.0,482954000.0,86000.0,846960000.0,985509000.0,985595000.0,0.0,0.0,0.0,1209673000.0,2059587000.0,1576441000,-261252000.0,1258856000.0,0.0,545957000.0,0.0,2954000.0,158975000.0,2975000.0,976828000.0,175764000.0,-373532000.0,-99233000.0,-534686000.0,-683780000.0,-99233000.0,-1498470000.0,-578647000.0,0.0,-136505000.0,801064000.0,0.0
PPC,2014-12-28,8583365000.0,1,7189370000.0,1393995000.0,3800000.0,188594000.0,192394000.0,1203115000.0,82097000.0,1102391000.0,390953000.0,0.0,0.0,711648000.0,0.0,711648000.0,2.75,2.74,258974000.0,259471000.0,0.0,0.162406585296,0.158583725613,0.140168220739,0.0829101407199,0.104300469571,1361182000.0,1203115000.0,711648000.0,0.128433429081,0.0829101407199,576143000.0,0.0,576143000.0,0.0,790305000.0,1885079000.0,1182795000.0,26783000.0,0.0,27345000.0,1233984000.0,3119063000.0,399486000.0,262000.0,744858000.0,3980000.0,4242000.0,0.0,0.0,0.0,177404000.0,925168000.0,1662354000,591492000.0,2193895000.0,0.0,-571901000.0,0.0,2906000.0,158067000.0,4928000.0,1066692000.0,171443000.0,-0.0,96950000.0,-63385000.0,-910234000.0,-575811000.0,-0.0,-905595000.0,-29775000.0,67937000.0,895249000.0,0.0
MGPI,2019-12-31,362745000.0,-0.0354809632826,286213000.0,65952000.0,0.0,29290000.0,29290000.0,47242000.0,1305000.0,45937000.0,7144000.0,0.0,0.0,38793000.0,0.0,38793000.0,2.27,2.27,17012288.0,17012288.0,0.403002817728,0.18181367076,0.162135935712,0.130234737901,0.106942893768,0.00824821844546,58814000.0,47242000.0,38793000.0,0.126637169361,0.106942893768,3309000.0,0.0,3309000.0,40931000.0,136931000.0,184206000.0,128419000.0,0.0,0.0,987000.0,138391000.0,322597000.0,29511000.0,401000.0,39295000.0,40658000.0,41059000.0,0.0,0.0,0.0,47990000.0,91553000.0,0.0,230784000.0,231044000.0,0.0,37750000.0,0.0,4268000.0,11572000.0,3304000.0,19722000.0,16730000.0,-0.0,-5489000.0,-17931000.0,-386000.0,-5489000.0,-6856000.0,-3507000.0,0.0,-1716000.0,2992000.0,0.0
MGPI,2018-12-31,376089000.0,0.0824324791048,292490000.0,83599000.0,0.0,33451000.0,33451000.0,50148000.0,1168000.0,48980000.0,11696000.0,0.0,0.0,37284000.0,0.0,37284000.0,2.17,2.17,16866176.0,16866176.0,0.326096442964,0.222285150589,0.163551712494,0.13334077838,0.0991361087402,0.00647453129445,61510000.0,50148000.0,37284000.0,0.130235130514,0.0991361087402,5025000.0,0.0,5025000.0,0.0,108769000.0,154623000.0,120788000.0,0.0,0.0,712000.0,123269000.0,277892000.0,25363000.0,386000.0,37463000.0,21040000.0,21426000.0,0.0,0.0,0.0,25805000.0,76451000.0,0.0,198914000.0,201441000.0,0.0,16401000.0,0.0,13183000.0,11362000.0,3099000.0,33481000.0,31046000.0,-0.0,-2324000.0,-31046000.0,-372000.0,-2324000.0,-5500000.0,-494000.0,0.0,1941000.0,2435000.0,0.0
MGPI,2017-12-31,347448000.0,0.0590311538919,271432000.0,76016000.0,0.0,33107000.0,33107000.0,42909000.0,1184000.0,52758000.0,10935000.0,0.0,0.0,41823000.0,0.0,41823000.0,2.44,2.44,16746731.0,16746731.0,1.03781448451,0.21878381801,0.156043494278,0.12349761691,0.120371969331,0.0357348437752,54217000.0,42909000.0,41823000.0,0.151844304759,0.120371969331,3084000.0,0.0,3084000.0,0.0,93149000.0,134742000.0,103051000.0,0.0,0.0,1980000.0,105586000.0,240328000.0,30037000.0,372000.0,41580000.0,2775000.0,3147000.0,0.0,0.0,0.0,3327000.0,71598000.0,0.0,167129000.0,168730000.0,0.0,63000.0,0.0,26691000.0,11308000.0,2574000.0,33471000.0,21055000.0,-0.0,-4663000.0,1777000.0,-358000.0,-4663000.0,-17380000.0,-33733000.0,0.0,1515000.0,12416000.0,0.0
MGPI,2016-12-31,328081000.0,-0.0514792403299,252980000.0,65283000.0,916000.0,26693000.0,27609000.0,41975000.0,1294000.0,44717000.0,13533000.0,0.0,0.0,31184000.0,0.0,31184000.0,1.82,1.82,16643811.0,16643811.0,0.124130224742,0.198984397146,0.162240422335,0.127940965798,0.0950496980928,0.00548340196476,53228000.0,41975000.0,31184000.0,0.136298657953,0.0950496980928,1569000.0,0.0,1569000.0,0.0,78858000.0,110901000.0,92791000.0,0.0,18934000.0,2705000.0,114435000.0,225336000.0,20342000.0,4359000.0,36995000.0,15424000.0,19783000.0,0.0,0.0,0.0,19249000.0,79044000.0,0.0,142652000.0,146292000.0,18934000.0,18214000.0,0.0,22800000.0,11253000.0,2402000.0,19721000.0,17922000.0,-1551000.0,-1518000.0,-17683000.0,-2346000.0,-1518000.0,-2066000.0,-1216000.0,0.0,822000.0,1799000.0,0.0
MGPI,2015-12-31,345887000.0,0.0222697072871,269071000.0,58533000.0,748000.0,25683000.0,26431000.0,32850000.0,534000.0,38418000.0,12227000.0,0.0,0.0,26191000.0,0.0,26191000.0,1.48,1.48,17123556.0,17123556.0,0.0634798052461,0.169225787613,0.130771032158,0.0949732137953,0.0757212615681,-0.0343002194358,45232000.0,32850000.0,26191000.0,0.1110709567,0.0757212615681,747000.0,0.0,747000.0,0.0,58701000.0,91180000.0,83554000.0,0.0,18563000.0,0.0,103130000.0,194310000.0,20940000.0,3345000.0,37661000.0,7579000.0,10924000.0,0.0,685000.0,0.0,10415000.0,78150000.0,0.0,114558000.0,116160000.0,18563000.0,10177000.0,0.0,30074000.0,12382000.0,1414000.0,18662000.0,30526000.0,-0.0,-15408000.0,-30526000.0,-1641000.0,-15408000.0,-1087000.0,6970000.0,0.0,-4894000.0,-11864000.0,0.0
MGPI,2014-12-31,338352000.0,0.0128176729428,284972000.0,28431000.0,1622000.0,20101000.0,21723000.0,16619000.0,816000.0,25940000.0,2265000.0,0.0,0.0,23675000.0,0.0,23675000.0,1.32,1.32,17305866.0,17305866.0,0.052409974745,0.0840278762945,0.0855440488012,0.049117487114,0.0699715089611,0.0261827918854,28944000.0,16619000.0,23675000.0,0.076665720906,0.0699715089611,5641000.0,0.0,5641000.0,0.0,34441000.0,82245000.0,63881000.0,0.0,12373000.0,7924000.0,78354000.0,160599000.0,16076000.0,2613000.0,30748000.0,7670000.0,10283000.0,0.0,0.0,0.0,16967000.0,56234000.0,8928000,89454000.0,104365000.0,12373000.0,4642000.0,0.0,8519000.0,12325000.0,1393000.0,15812000.0,6953000.0,-0.0,-672000.0,1502000.0,-1555000.0,-672000.0,-907000.0,-14530000.0,0.0,2784000.0,8859000.0,0.0
TSN,2019-09-28,42405000000.0,0.0587486267852,37383000000.0,5022000000.0,97000000.0,2195000000.0,2292000000.0,2827000000.0,462000000.0,2431000000.0,396000000.0,0.0,0.0,2022000000.0,0.0,2022000000.0,5.67,5.52,293000000.0,366000000.0,1.46721311475,0.118429430492,0.0925598396416,0.0666666666667,0.0476830562434,0.0295719844358,3925000000.0,2827000000.0,2022000000.0,0.0573281452659,0.0476830562434,484000000.0,1000000.0,485000000.0,2173000000.0,4108000000.0,7169000000.0,7282000000.0,17881000000.0,102000000.0,0.0,25928000000.0,33097000000.0,1926000000.0,2102000000.0,5513000000.0,9830000000.0,11932000000.0,0.0,169000000.0,0.0,13358000000.0,19015000000.0,374000000,13787000000.0,14082000000.0,103000000.0,11448000000.0,0.0,144000000.0,1098000000.0,77000000.0,2513000000.0,1259000000.0,-2462000000.0,-253000000.0,-3464000000.0,-3208000000.0,-252000000.0,-537000000.0,1171000000.0,-6000000.0,214000000.0,1254000000.0,0.0
TSN,2018-09-29,40052000000.0,0.0468374281234,34926000000.0,5126000000.0,114000000.0,2071000000.0,2185000000.0,3055000000.0,350000000.0,2745000000.0,-282000000.0,0.0,0.0,3024000000.0,0.0,3024000000.0,8.44,8.19,295000000.0,369000000.0,1.16802168022,0.127983621292,0.0998202336962,0.0762758414062,0.0755018475981,0.04401777689,3998000000.0,3055000000.0,3024000000.0,0.0685359033257,0.0755018475981,270000000.0,1000000.0,271000000.0,1723000000.0,3513000000.0,5688000000.0,6169000000.0,16498000000.0,97000000.0,0.0,23421000000.0,29109000000.0,1694000000.0,1911000000.0,5031000000.0,7962000000.0,9873000000.0,0.0,308000000.0,0.0,11267000000.0,16306000000.0,451000000,12329000000.0,12803000000.0,98000000.0,9603000000.0,0.0,8000000.0,943000000.0,69000000.0,2963000000.0,1200000000.0,-1474000000.0,-432000000.0,-1906000000.0,-1307000000.0,-427000000.0,-431000000.0,-1102000000.0,-3000000.0,-48000000.0,1763000000.0,0.0
TSN,2017-09-30,38260000000.0,0.0373905262872,33177000000.0,5083000000.0,113000000.0,2152000000.0,2265000000.0,2931000000.0,279000000.0,2628000000.0,850000000.0,0.0,0.0,1774000000.0,0.0,1774000000.0,4.94,4.79,296000000.0,370000000.0,0.862162162162,0.132854155776,0.0964976476738,0.076607422896,0.0463669628855,0.0399895452169,3692000000.0,2931000000.0,1774000000.0,0.0686879247256,0.0463669628855,318000000.0,3000000.0,321000000.0,1675000000.0,3239000000.0,6258000000.0,5568000000.0,15567000000.0,95000000.0,0.0,21808000000.0,28066000000.0,1698000000.0,906000000.0,4032000000.0,9297000000.0,10203000000.0,0.0,316000000.0,0.0,13475000000.0,17525000000.0,711000000,9776000000.0,10541000000.0,98000000.0,9885000000.0,0.0,18000000.0,761000000.0,92000000.0,2599000000.0,1069000000.0,-3081000000.0,-878000000.0,-4164000000.0,-3382000000.0,-860000000.0,-319000000.0,1530000000.0,4000000.0,-31000000.0,1530000000.0,0.0
TSN,2016-10-01,36881000000.0,-0.108573224083,32184000000.0,4697000000.0,96000000.0,1864000000.0,1960000000.0,2833000000.0,249000000.0,2598000000.0,826000000.0,0.0,0.0,1768000000.0,0.0,1768000000.0,4.67,4.53,315000000.0,390000000.0,0.553846153846,0.127355548928,0.0959301537377,0.076814619994,0.0479379626366,0.0547978633985,3538000000.0,2833000000.0,1768000000.0,0.0704427754128,0.0479379626366,349000000.0,4000000.0,353000000.0,1542000000.0,2732000000.0,4888000000.0,5170000000.0,11753000000.0,93000000.0,0.0,17485000000.0,22373000000.0,1511000000.0,79000000.0,2762000000.0,6200000000.0,6279000000.0,0.0,305000000.0,0.0,9987000000.0,12765000000.0,1269000000,8348000000.0,9608000000.0,97000000.0,5930000000.0,0.0,16000000.0,705000000.0,81000000.0,2716000000.0,695000000.0,-0.0,-1953000000.0,-684000000.0,-714000000.0,-1944000000.0,-216000000.0,-2377000000.0,6000000.0,-339000000.0,2021000000.0,0.0
TSN,2015-10-03,41373000000.0,0.100931346461,37456000000.0,3917000000.0,75000000.0,1748000000.0,1823000000.0,2169000000.0,293000000.0,1921000000.0,697000000.0,0.0,0.0,1220000000.0,0.0,1220000000.0,3.06,2.95,335000000.0,413000000.0,0.35593220339,0.0946752713122,0.0696106156189,0.052425494888,0.0294878302274,0.0414763251396,2880000000.0,2169000000.0,1220000000.0,0.0464312474319,0.0294878302274,688000000.0,2000000.0,690000000.0,1620000000.0,2878000000.0,5381000000.0,5176000000.0,11835000000.0,93000000.0,0.0,17623000000.0,23004000000.0,1662000000.0,715000000.0,3535000000.0,6010000000.0,6725000000.0,0.0,306000000.0,0.0,9763000000.0,13313000000.0,2933000000,6813000000.0,9691000000.0,95000000.0,6037000000.0,0.0,15000000.0,711000000.0,69000000.0,2570000000.0,854000000.0,-0.0,-481000000.0,-270000000.0,-1995000000.0,-495000000.0,-147000000.0,-2035000000.0,-15000000.0,250000000.0,1716000000.0,0.0
TSN,2014-09-27,37580000000.0,0.0932681678012,34895000000.0,2685000000.0,52000000.0,1255000000.0,1307000000.0,1430000000.0,132000000.0,1252000000.0,396000000.0,0.0,0.0,864000000.0,0.0,864000000.0,2.48,2.37,70000000.0,364000000.0,0.285714285714,0.0714475784992,0.0521554018095,0.0380521554018,0.0229909526344,0.0145290047898,1960000000.0,1430000000.0,864000000.0,0.0333155934007,0.0229909526344,438000000.0,1000000.0,439000000.0,1684000000.0,3274000000.0,6221000000.0,5130000000.0,11982000000.0,92000000.0,2388000000.0,17735000000.0,23956000000.0,1806000000.0,643000000.0,3797000000.0,7535000000.0,8178000000.0,0.0,272000000.0,0.0,11255000000.0,15066000000.0,3254000000,5748000000.0,8890000000.0,93000000.0,7740000000.0,0.0,14000000.0,530000000.0,6000000.0,1178000000.0,632000000.0,-8193000000.0,-280000000.0,-8800000000.0,-639000000.0,578000000.0,-104000000.0,6915000000.0,0.0,-707000000.0,546000000.0,0.0
HSY,2019-12-31,7986252000.0,0.0250521462459,4363774000.0,3622478000.0,37146000.0,1905929000.0,1943075000.0,1595952000.0,152122000.0,1380784000.0,234032000.0,0.0,0.0,1149692000.0,0.0,1149692000.0,5.64,5.46,148841000.0,210702000.0,2.89656481666,0.453589243114,0.236343155713,0.199837420607,0.143958893358,0.181021209949,1887496000.0,1595952000.0,1149692000.0,0.172895120264,0.143958893358,493262000.0,0.0,493262000.0,568509000.0,815251000.0,2117102000.0,2153139000.0,3327121000.0,0.0,31033000.0,6023293000.0,8140395000.0,550828000.0,703390000.0,2008793000.0,3530813000.0,4234203000.0,0.0,19921000.0,0.0,4386608000.0,6401173000.0,611788000,1290461000.0,1739222000.0,0.0,3740941000.0,0.0,5772000.0,291544000.0,51899000.0,1763873000.0,318192000.0,-402160000.0,-527211000.0,-780480000.0,-6151000.0,-527211000.0,-610312000.0,-1081455000.0,3326000.0,-94736000.0,1445681000.0,0.0
HSY,2018-12-31,7791069000.0,0.0366769628229,4215744000.0,3575325000.0,38521000.0,1874829000.0,1913350000.0,1623664000.0,146858000.0,1410061000.0,239010000.0,0.0,0.0,1177562000.0,0.0,1177562000.0,5.24,5.22,60614000.0,60614000.0,9.28038077012,0.458900441005,0.246283019699,0.208400670049,0.151142545394,0.163185822125,1918808000.0,1623664000.0,1177562000.0,0.180984278281,0.151142545394,587998000.0,0.0,587998000.0,594145000.0,784879000.0,2239181000.0,2130294000.0,3079395000.0,0.0,1166000.0,5463839000.0,7703020000.0,502314000.0,5387000.0,2418566000.0,3254280000.0,3259667000.0,0.0,33773000.0,0.0,3877188000.0,6304299000.0,0.0,7032020000.0,1398721000.0,0.0,2671669000.0,0.0,8545000.0,295144000.0,49286000.0,1599993000.0,328601000.0,-1338459000.0,-247500000.0,-1502894000.0,-910844000.0,-247500000.0,-562521000.0,116108000.0,-5388000.0,207819000.0,1271392000.0,0.0
HSY,2017-12-31,7515426000.0,0.0101133292322,4070907000.0,3444519000.0,45850000.0,1913403000.0,1959253000.0,1274641000.0,100066000.0,1110668000.0,354131000.0,0.0,0.0,782981000.0,0.0,782981000.0,3.44,3.44,60620000.0,60620000.0,8.68149125701,0.458326514026,0.204445363443,0.16960329328,0.104183182696,0.131973889438,1536494000.0,1274641000.0,782981000.0,0.147785102268,0.104183182696,380179000.0,0.0,380179000.0,588262000.0,752836000.0,2001910000.0,2106697000.0,1190217000.0,0.0,3023000.0,3551816000.0,5553726000.0,523229000.0,300098000.0,2076543000.0,2061023000.0,2361121000.0,0.0,17723000.0,0.0,2545618000.0,4638388000.0,0.0,6371082000.0,915338000.0,0.0,1980942000.0,0.0,16227000.0,261853000.0,51061000.0,1249515000.0,257675000.0,-0.0,-300312000.0,-328664000.0,-0.0,-300312000.0,-526272000.0,-843768000.0,6129000.0,83212000.0,991840000.0,0.0
HSY,2016-12-31,7440181000.0,0.00725026554749,4282290000.0,3157891000.0,47268000.0,1915378000.0,1962646000.0,1205783000.0,91948000.0,1099481000.0,379437000.0,0.0,0.0,720044000.0,0.0,720044000.0,3.15,3.14,60620000.0,60620000.0,8.23944242824,0.424437389359,0.202632167148,0.162063664849,0.0967777531219,0.0959652728879,1507620000.0,1205783000.0,720044000.0,0.14777610921,0.0967777531219,296967000.0,0.0,296967000.0,581381000.0,745678000.0,1816778000.0,2177248000.0,1305081000.0,0.0,56861000.0,3707555000.0,5524333000.0,522536000.0,243000.0,1909443000.0,2347455000.0,2347698000.0,0.0,3207000.0,0.0,2787203000.0,4738477000.0,0.0,6115961000.0,785856000.0,0.0,2050731000.0,0.0,41831000.0,301837000.0,54785000.0,983475000.0,269476000.0,-285374000.0,-592550000.0,-595454000.0,-500000000.0,-592550000.0,-499475000.0,-434443000.0,-3140000.0,-49562000.0,713999000.0,0.0
HSY,2015-12-31,7386626000.0,-0.00473499036887,4003951000.0,3382675000.0,49281000.0,1969308000.0,1863535000.0,1037759000.0,109309000.0,901847000.0,388896000.0,0.0,0.0,512951000.0,0.0,512951000.0,2.19,2.19,60620000.0,60620000.0,7.85437149456,0.457945887608,0.173649918109,0.140491612815,0.0694432072234,0.119777148593,1282687000.0,1037759000.0,512951000.0,0.122091872527,0.0694432072234,346529000.0,0.0,346529000.0,599073000.0,750970000.0,1848598000.0,2240460000.0,1063557000.0,0.0,0.0,3495773000.0,5344371000.0,474266000.0,499923000.0,2217912000.0,1557091000.0,2057014000.0,0.0,23243000.0,0.0,2078997000.0,4346374000.0,0.0,5897603000.0,997997000.0,0.0,1710485000.0,0.0,49465000.0,244928000.0,51533000.0,1214456000.0,329707000.0,-218654000.0,-582623000.0,-477255000.0,-355446000.0,-582623000.0,-476132000.0,-755162000.0,-10364000.0,-28325000.0,884749000.0,0.0
HSY,2014-12-31,7421768000.0,0.0385790585299,4085602000.0,3336166000.0,47554000.0,1900970000.0,1817438000.0,1306043000.0,87598000.0,1306043000.0,459131000.0,0.0,0.0,846912000.0,0.0,846912000.0,3.91,3.77,222555000.0,224837000.0,1.95881460792,0.449510952107,0.204476211059,0.175974646472,0.114111893554,0.0663284004566,1517575000.0,1306043000.0,846912000.0,0.175974646472,0.114111893554,374854000.0,97131000.0,471985000.0,596940000.0,801036000.0,2247047000.0,2151901000.0,1087796000.0,0.0,100515000.0,3382469000.0,5629516000.0,482017000.0,250805000.0,1935647000.0,1548963000.0,1799768000.0,0.0,4616000.0,0.0,2174339000.0,4174454000.0,0.0,5860784000.0,1455062000.0,97131000.0,1424914000.0,0.0,64468000.0,211532000.0,54068000.0,838221000.0,345947000.0,-396265000.0,-576755000.0,-862573000.0,-118957000.0,-576755000.0,-440414000.0,-719302000.0,0.0,-743654000.0,492274000.0,0.0
CLX,2019-06-30,6214000000.0,0.0146962769432,3486000000.0,2728000000.0,136000000.0,856000000.0,992000000.0,1024000000.0,97000000.0,1024000000.0,204000000.0,0.0,0.0,820000000.0,0.0,820000000.0,6.42,6.32,127734000.0,129792000.0,3.77527120316,0.439008690055,0.19375603476,0.16478918571,0.131960090119,0.126488574187,1204000000.0,1024000000.0,820000000.0,0.16478918571,0.131960090119,111000000.0,0.0,111000000.0,0.0,512000000.0,1305000000.0,1034000000.0,1712000000.0,0.0,0.0,3811000000.0,5116000000.0,1035000000.0,396000000.0,1440000000.0,2287000000.0,2683000000.0,0.0,9000000.0,0.0,2337000000.0,4557000000.0,0.0,3150000000.0,559000000.0,0.0,2572000000.0,0.0,780000000.0,180000000.0,43000000.0,992000000.0,206000000.0,-0.0,-661000000.0,-198000000.0,-0.0,-661000000.0,-490000000.0,-815000000.0,-2000000.0,-21000000.0,786000000.0,0.0
CLX,2018-06-30,6124000000.0,0.0252804285953,3449000000.0,2675000000.0,132000000.0,837000000.0,969000000.0,1054000000.0,85000000.0,1054000000.0,231000000.0,0.0,0.0,823000000.0,0.0,823000000.0,6.37,6.26,129293000.0,131581000.0,3.41994664883,0.436806009144,0.199216198563,0.172109732201,0.134389288047,0.127367733508,1220000000.0,1054000000.0,823000000.0,0.172109732201,0.134389288047,131000000.0,0.0,131000000.0,0.0,506000000.0,1311000000.0,996000000.0,1736000000.0,0.0,0.0,3749000000.0,5060000000.0,1001000000.0,0.0,1200000000.0,2284000000.0,2284000000.0,0.0,0.0,0.0,2356000000.0,4334000000.0,0.0,2797000000.0,726000000.0,0.0,2153000000.0,0.0,778000000.0,166000000.0,53000000.0,974000000.0,194000000.0,-681000000.0,-271000000.0,-859000000.0,-400000000.0,-271000000.0,-450000000.0,-399000000.0,-3000000.0,-287000000.0,780000000.0,0.0
CLX,2017-06-30,5973000000.0,0.0367991668113,3302000000.0,2671000000.0,135000000.0,810000000.0,945000000.0,1033000000.0,88000000.0,1033000000.0,330000000.0,0.0,0.0,701000000.0,0.0,701000000.0,5.43,5.33,128953000.0,131566000.0,3.1315081404,0.447178972041,0.20023438808,0.172944918801,0.117361459903,0.10664657626,1196000000.0,1033000000.0,701000000.0,0.172944918801,0.117361459903,418000000.0,0.0,418000000.0,0.0,459000000.0,1514000000.0,931000000.0,1264000000.0,0.0,0.0,3059000000.0,4573000000.0,1005000000.0,400000000.0,1809000000.0,1391000000.0,1791000000.0,0.0,0.0,0.0,1452000000.0,4031000000.0,0.0,2440000000.0,542000000.0,0.0,1373000000.0,0.0,770000000.0,163000000.0,51000000.0,868000000.0,231000000.0,-0.0,-183000000.0,-205000000.0,-0.0,-183000000.0,-412000000.0,-645000000.0,-1000000.0,17000000.0,637000000.0,0.0
CLX,2016-06-30,5761000000.0,0.0187444739169,3163000000.0,2598000000.0,141000000.0,1393000000.0,1527000000.0,1071000000.0,88000000.0,983000000.0,335000000.0,0.0,0.0,648000000.0,0.0,648000000.0,5.01,4.92,129340425.0,129472000.0,3.08,0.451,0.215,0.1859,0.112,0.1052,1236000000.0,1071000000.0,648000000.0,0.1706,0.1125,401000000.0,0.0,401000000.0,569000000.0,443000000.0,1485000000.0,906000000.0,1932000000.0,0.0,0.0,3025000000.0,4510000000.0,1035000000.0,523000000.0,1558000000.0,1789000000.0,2312000000.0,0.0,82000000.0,0.0,2655000000.0,4213000000.0,-570000000.0,2163000000.0,297000000.0,0.0,1911000000.0,72000000.0,0.0,165000000.0,45000000.0,778000000.0,-172000000.0,-290000000.0,0.0,-430000000.0,126000000.0,-44000000.0,-398000000.0,-316000000.0,-13000000.0,19000000.0,606000000.0,-0.1068
CLX,2015-06-30,5655000000.0,1,3190000000.0,2465000000.0,136000000.0,1321000000.0,1444000000.0,1021000000.0,100000000.0,895000000.0,315000000.0,0.0,26000000.0,580000000.0,0.0,580000000.0,4.45,4.37,131178212.0,130310000.0,2.96,0.4359,0.206,0.176,0.103,0.1324,1164000000.0,995000000.0,580000000.0,0.1583,0.1026,382000000.0,0.0,382000000.0,519000000.0,385000000.0,1429000000.0,918000000.0,1652000000.0,0.0,0.0,2735000000.0,4164000000.0,979000000.0,395000000.0,1405000000.0,1796000000.0,2191000000.0,0.0,126000000.0,0.0,2641000000.0,4046000000.0,-502000000.0,1923000000.0,118000000.0,0.0,1809000000.0,143000000.0,31000000.0,169000000.0,32000000.0,874000000.0,-125000000.0,0.0,0.0,-106000000.0,-128000000.0,-183000000.0,-385000000.0,-696000000.0,-19000000.0,53000000.0,749000000.0,-0.1326
CLX,2014-06-30,0.0,0.0,0.0,0.0,0.0,0.0,0.0,0.0,0.0,0.0,0.0,0.0,0.0,0.0,0.0,0.0,0.0,0.0,0.0,0.0,0.0,0.0,0.0,0.0,0.0,0.0,0.0,0.0,0.0,0.0,0.0,0.0,0.0,0.0,0.0,0.0,0.0,0.0,0.0,0.0,0.0,0.0,0.0,0.0,0.0,0.0,0.0,0.0,0.0,0.0,0.0,0.0,0.0,0.0,0.0,0.0,0.0,0.0,0.0,0.0,0.0,0.0,0.0,0.0,-0.0,0.0,0.0,-0.0,0.0,-0.0,0.0,0.0,0.0,0.0,0.0
SPB,2019-09-30,3802100000.0,0.208588957055,2495200000.0,1306900000.0,43500000.0,354600000.0,1234700000.0,72200000.0,0.0,-193800000.0,-7100000.0,0.0,0.0,471900000.0,0.0,471900000.0,9.31,9.31,50700000.0,50700000.0,14.1499013807,0.343731095973,0.0691459982641,0.0189895057994,0.124115620315,-0.0150706188685,262900000.0,72200000.0,471900000.0,-0.0509718313564,0.124115620315,627100000.0,230800000.0,857900000.0,356700000.0,548400000.0,1659900000.0,452900000.0,2835200000.0,0.0,0.0,3570600000.0,5230500000.0,456800000.0,136900000.0,1141900000.0,2214400000.0,2351300000.0,0.0,240500000.0,0.0,2382300000.0,3532200000.0,1770200000,201200000.0,1698300000.0,230800000.0,1724200000.0,0.0,8000000.0,190700000.0,49200000.0,1100000.0,58400000.0,-0.0,-268500000.0,2789200000.0,-2649900000.0,-268500000.0,-717400000.0,-2724600000.0,-8400000.0,65700000.0,-57300000.0,0.0
SPB,2018-09-30,3145900000.0,-0.371887790756,217800000.0,1153600000.0,28300000.0,323900000.0,1051600000.0,102000000.0,0.0,-156300000.0,-460700000.0,0.0,0.0,768300000.0,0.0,768300000.0,20.79,20.74,36900000.0,37000000.0,10.1135135135,0.366699513653,0.0805174989669,0.0324231539464,0.24422263899,0.0884961378302,253300000.0,102000000.0,768300000.0,-0.049683715312,0.24422263899,552500000.0,0.0,552500000.0,254200000.0,503400000.0,3358700000.0,494900000.0,3710100000.0,0.0,19600000.0,4389000000.0,7747700000.0,436100000.0,21200000.0,1350200000.0,4651300000.0,4672500000.0,0.0,16700000.0,0.0,4807900000.0,6166400000.0,1996700000,-180100000.0,1581300000.0,0.0,4120000000.0,0.0,8300000.0,151300000.0,11800000.0,343100000.0,64700000.0,-0.0,0.0,1272800000.0,-1066000000.0,-552500000.0,-374200000.0,-1288800000.0,-7000000.0,320100000.0,278400000.0,0.0
SPB,2017-09-30,5008500000.0,-0.0396709744219,3132600000.0,5008500000.0,59500000.0,1359600000.0,1359600000.0,516300000.0,360100000.0,151200000.0,48300000.0,0.0,0.0,106000000.0,0.0,106000000.0,0.53,0.53,199990000.0,199990000.0,0.125006250313,1.0,0.165338923829,0.103084755915,0.021164021164,0.144773884397,828100000.0,516300000.0,106000000.0,0.0301886792453,0.021164021164,270100000.0,0.0,270100000.0,526100000.0,775500000.0,92900000.0,700700000.0,5050000000.0,2423900000.0,20200000.0,35756800000.0,35849700000.0,1115600000.0,178700000.0,36900000.0,5595400000.0,5774100000.0,0.0,34600000.0,0.0,6126800000.0,35091700000.0,1372900000,-925900000.0,758000000.0,2423900000.0,5504000000.0,0.0,28928000000.0,311800000.0,62400000.0,840100000.0,115000000.0,-304700000.0,0.0,-1602400000.0,-261100000.0,0.0,-25000000.0,583000000.0,3100000.0,-195100000.0,725100000.0,0.0
SPB,2016-09-30,5215400000.0,-0.103251431421,3119800000.0,5215400000.0,58700000.0,1243600000.0,1280800000.0,628000000.0,397100000.0,231900000.0,41500000.0,0.0,0.0,-198800000.0,0.0,-198800000.0,-1.0,-0.99,198374000.0,201588000.0,0.0,1.0,0.159680944894,0.120412624152,-0.0381178816582,0.156824021168,832800000.0,628000000.0,-198800000.0,0.0444644706063,-0.0381178816582,497300000.0,8500000.0,505800000.0,482600000.0,740600000.0,1729000000.0,543400000.0,4850900000.0,1870100000.0,42600000.0,34063800000.0,35792800000.0,989800000.0,166000000.0,1171800000.0,5264900000.0,5430900000.0,0.0,16000000.0,0.0,5810900000.0,35154700000.0,1447100000,-1031900000.0,638100000.0,1878600000.0,4933600000.0,0.0,28172000000.0,204800000.0,78000000.0,913300000.0,95400000.0,-0.0,-5200000.0,-891400000.0,-1090800000.0,0.0,-0.0,148700000.0,-1400000.0,497300000.0,817900000.0,0.0
SPB,2015-09-30,5815900000.0,-0.0246687908771,3050900000.0,5815900000.0,51300000.0,1476500000.0,1561700000.0,-227800000.0,429700000.0,-440800000.0,71600000.0,0.0,0.0,-556800000.0,0.0,-556800000.0,-2.81,-2.81,198142000.0,198142000.0,0.61168253071,1.0,-0.00044705032755,-0.0391684863908,-0.0957375470692,0.0287831633969,-2600000.0,-227800000.0,-556800000.0,-0.0757922247631,-0.0957375470692,1197000000.0,19110700000.0,20307700000.0,192000000.0,780800000.0,21280500000.0,546600000.0,6016300000.0,181000000.0,285000000.0,11053600000.0,32334100000.0,1137700000.0,-42600000.0,1110600000.0,6340100000.0,6297500000.0,0.0,15500000.0,0.0,6953700000.0,31747400000.0,1458500000,-833100000.0,586700000.0,19291700000.0,5100500000.0,0.0,23683100000.0,225200000.0,91800000.0,283600000.0,116200000.0,-1320000000.0,-6420500000.0,-2003900000.0,-3050500000.0,-22200000.0,-121200000.0,1627800000.0,-29700000.0,-122200000.0,167400000.0,0.0
SPB,2014-09-30,5963000000.0,0.0756936176354,2875600000.0,5963000000.0,47900000.0,1335400000.0,1404200000.0,569500000.0,321900000.0,213200000.0,111500000.0,0.0,0.0,-10300000.0,73600000.0,-10300000.0,-0.51,-0.51,162941000.0,162941000.0,0.175523655802,1.0,0.143333892336,0.0955056179775,-0.00172731846386,0.0854771088378,854700000.0,569500000.0,-10300000.0,0.0357538151937,-0.00172731846386,1319200000.0,21600000.0,1340800000.0,460000000.0,635200000.0,2436000000.0,462900000.0,4208500000.0,194900000.0,186700000.0,27664200000.0,30100200000.0,1033000000.0,-96700000.0,976200000.0,5061100000.0,4964400000.0,0.0,39900000.0,0.0,5594400000.0,28658600000.0,1472300000,-276300000.0,1441600000.0,216500000.0,3645200000.0,0.0,22088000000.0,285200000.0,91100000.0,607900000.0,98200000.0,-27200000.0,-65600000.0,-1928800000.0,-770900000.0,-65600000.0,-28600000.0,740400000.0,-8200000.0,-580500000.0,509700000.0,0.0
THS,2019-12-31,4288900000.0,-0.262073949175,3492100000.0,796800000.0,18800000.0,510100000.0,812900000.0,-16100000.0,102400000.0,-155800000.0,-45500000.0,0.0,0.0,-361000000.0,0.0,-361000000.0,-6.42,-6.42,56200000.0,56200000.0,0.0,0.185781902119,0.0453496234466,-0.00375387628529,-0.084170766397,0.0431346032782,194500000.0,-16100000.0,-361000000.0,-0.0363263307608,-0.084170766397,202300000.0,0.0,202300000.0,243000000.0,544000000.0,1219500000.0,175300000.0,2662000000.0,0.0,0.0,3919900000.0,5139400000.0,508400000.0,15300000.0,813400000.0,2091700000.0,2107000000.0,37900000.0,14500000.0,0.0,2336600000.0,3308500000.0,2071300000,-157000000.0,1830900000.0,0.0,1904700000.0,0.0,158500000.0,210600000.0,22600000.0,307700000.0,146800000.0,-0.0,0.0,-68100000.0,-0.0,0.0,-0.0,-206900000.0,5300000.0,38000000.0,160900000.0,0.0
THS,2018-12-31,5812100000.0,-0.0784829794993,4856700000.0,955400000.0,21300000.0,658400000.0,887500000.0,67900000.0,114600000.0,-84800000.0,-23400000.0,0.0,0.0,-61400000.0,0.0,-61400000.0,-1.1,-1.1,56000000.0,56000000.0,0.0,0.164381204728,0.0561242924244,0.0116825243888,-0.0105641678567,0.0571222105607,326200000.0,67900000.0,-61400000.0,-0.0145902513721,-0.0105641678567,164300000.0,0.0,164300000.0,177000000.0,839700000.0,1417100000.0,1274400000.0,2861600000.0,5152400000.0,34200000.0,4182200000.0,5599300000.0,577900000.0,1200000.0,835200000.0,2297400000.0,2298600000.0,45700000.0,9900000.0,0.0,2622200000.0,3457400000.0,2052500000,185900000.0,2141900000.0,5152400000.0,2134300000.0,0.0,0.0,258300000.0,32400000.0,505800000.0,196200000.0,-0.0,-54600000.0,-160900000.0,-56500000.0,-54600000.0,-0.0,-311000000.0,-2400000.0,31500000.0,309600000.0,0.0
THS,2017-12-31,6307100000.0,0.0213781568781,5223100000.0,1084000000.0,30800000.0,702700000.0,1495200000.0,-411200000.0,126800000.0,-544400000.0,-238400000.0,0.0,0.0,-286200000.0,0.0,-286200000.0,-5.01,-5.01,57100000.0,57100000.0,0.0,0.17186979753,-0.0195969621538,-0.0651963660002,-0.0453774317832,0.0549063753548,-123600000.0,-411200000.0,-286200000.0,-0.0863154223019,-0.0453774317832,132800000.0,0.0,132800000.0,74600000.0,918300000.0,1484700000.0,1294400000.0,2955000000.0,0.0,15100000.0,4294600000.0,5779300000.0,589700000.0,10100000.0,599800000.0,2535700000.0,2545800000.0,56900000.0,7400000.0,0.0,2916200000.0,3516000000.0,2078300000,245900000.0,2263300000.0,0.0,2413000000.0,0.0,0.0,287600000.0,30000000.0,506000000.0,185800000.0,-0.0,-28700000.0,-157000000.0,-1477300000.0,-28700000.0,-0.0,-278300000.0,2800000.0,70700000.0,320200000.0,0.0
THS,2016-12-31,6175088000.0,0.925860270303,5049706000.0,1125382000.0,29600000.0,745336000.0,1222174000.0,-96792000.0,119155000.0,-190558000.0,33231000.0,0.0,0.0,-228594000.0,0.0,-228594000.0,-4.1,-4.1,55717000.0,55717000.0,0.0,0.182245499983,0.0310029589862,-0.0156745944349,-0.0370187437005,0.0491299881071,191446000.0,-96792000.0,-228594000.0,-0.0308591553675,-0.0370187437005,62111000.0,0.0,62111000.0,0.0,978037000.0,1560749000.0,1359320000.0,3584799000.0,0.0,-20746000.0,4985073000.0,6545822000.0,626773000.0,66421000.0,693194000.0,2724760000.0,2791181000.0,0.0,30960000.0,0.0,3349304000.0,4042498000.0,2071897000,532135000.0,2503324000.0,0.0,2729070000.0,0.0,0.0,288238000.0,29860000.0,478613000.0,187075000.0,-2644364000.0,0.0,-2829153000.0,-36719000.0,773020000.0,-0.0,2377732000.0,2233000.0,27192000.0,291538000.0,0.0
THS,2015-12-31,3206405000.0,0.0883550535589,2562102000.0,644303000.0,14300000.0,342152000.0,404567000.0,239736000.0,45474000.0,179445000.0,56354000.0,0.0,0.0,114910000.0,0.0,114910000.0,2.67,2.63,43052000.0,43709000.0,0.0,0.20094248855,0.112837586019,0.0747678474803,0.0358376437162,0.0662997968129,361803000.0,239736000.0,114910000.0,0.0559645459635,0.0358376437162,34919000.0,0.0,34919000.0,0.0,584115000.0,847203000.0,541528000.0,2296449000.0,0.0,18092000.0,2855593000.0,3702796000.0,260580000.0,14893000.0,275473000.0,1221741000.0,1236634000.0,0.0,1499000.0,0.0,1572464000.0,1847937000.0,1207167000,760729000.0,1854859000.0,0.0,1201715000.0,0.0,0.0,122067000.0,22877000.0,285318000.0,86096000.0,-0.0,0.0,-93824000.0,-10500000.0,-34919000.0,-0.0,-208556000.0,-7503000.0,-17062000.0,199222000.0,0.0
THS,2014-12-31,2946102000.0,0.284305036734,2339498000.0,606604000.0,12800000.0,333395000.0,388450000.0,218154000.0,42036000.0,147452000.0,46690000.0,0.0,0.0,89880000.0,0.0,89880000.0,2.28,2.23,39348000.0,40238000.0,0.0,0.20590054248,0.113393562069,0.0740483527047,0.0305081086806,0.0418797448289,334069000.0,218154000.0,89880000.0,0.0500498624963,0.0305081086806,51981000.0,0.0,51981000.0,0.0,594098000.0,949436000.0,543778000.0,2384283000.0,0.0,35564000.0,2953568000.0,3903004000.0,296860000.0,14373000.0,311233000.0,1445488000.0,1459861000.0,0.0,5947000.0,0.0,1832514000.0,2143747000.0,1177342000,645819000.0,1759257000.0,0.0,1407880000.0,0.0,0.0,115915000.0,25067000.0,211957000.0,99218000.0,-993009000.0,0.0,-1091640000.0,-4000000.0,306383000.0,-0.0,885189000.0,-1734000.0,5506000.0,112739000.0,0.0
IPAR,2019-12-31,713500000.0,0.0561389277859,267578000.0,445936000.0,0.0,341209000.0,341209000.0,105146000.0,2146000.0,105146000.0,29076000.0,0.0,0.0,60249000.0,0.0,60249000.0,1.92,1.9,31451093.0,31688700.0,1.0912091692,0.624997897687,0.159600560617,0.147366503153,0.0844414856342,0.0995444989488,113875000.0,105146000.0,60249000.0,0.147366503153,0.0844414856342,192417000.0,60714000.0,253131000.0,133010000.0,167809000.0,573296000.0,11107000.0,201983000.0,0.0,169000.0,255536000.0,828832000.0,54098000.0,12326000.0,184465000.0,10734000.0,23060000.0,0.0,5865000.0,0.0,18738000.0,360828000.0,33189000,474637000.0,468004000.0,60714000.0,-169357000.0,0.0,157625000.0,8729000.0,3394000.0,76452000.0,11494000.0,-0.0,0.0,-8988000.0,-22321000.0,-192417000.0,-34579000.0,-68183000.0,-3350000.0,-719000.0,64958000.0,0.0
IPAR,2018-12-31,675574000.0,0.142617940604,248012000.0,427562000.0,0.0,332831000.0,332831000.0,94731000.0,2578000.0,47298000.0,26144000.0,0.0,0.0,53793000.0,0.0,53793000.0,1.72,1.71,31307991.0,31522371.0,0.833915697522,0.632886996835,0.156551317842,0.140222980754,0.0796256220636,0.0874589608244,105762000.0,94731000.0,53793000.0,0.0700115753419,0.0796256220636,193136000.0,70792000.0,193136000.0,136420000.0,160978000.0,569402000.0,9839000.0,204325000.0,0.0,810000.0,229765000.0,799167000.0,58328000.0,23155000.0,186977000.0,22906000.0,46061000.0,0.0,4396000.0,0.0,26444000.0,351560000.0,32495000,448731000.0,447607000.0,70792000.0,-147075000.0,0.0,138139000.0,11031000.0,2205000.0,63041000.0,12465000.0,-0.0,0.0,-22366000.0,-23487000.0,-193136000.0,-26287000.0,-55882000.0,-8730000.0,-15207000.0,50576000.0,0.0
IPAR,2017-12-31,591251000.0,0.134681963337,214965000.0,376286000.0,0.0,295540000.0,295540000.0,78623000.0,1992000.0,111324000.0,22812000.0,0.0,0.0,41594000.0,0.0,41594000.0,1.33,1.33,31172285.0,31305101.0,0.676950379429,0.63642344791,0.153127859403,0.132977364943,0.0703491410585,0.0555906036523,90537000.0,78623000.0,41594000.0,0.188285516642,0.0703491410585,208343000.0,75772000.0,208343000.0,120749000.0,137058000.0,549278000.0,10330000.0,200495000.0,0.0,3468000.0,228494000.0,777772000.0,52609000.0,24372000.0,167107000.0,36207000.0,60579000.0,0.0,1722000.0,0.0,40028000.0,344474000.0,28529000,422570000.0,433298000.0,75772000.0,-147764000.0,0.0,137339000.0,11914000.0,2093000.0,35891000.0,4069000.0,-0.0,0.0,58254000.0,-22362000.0,-208343000.0,-21192000.0,-47630000.0,21330000.0,46515000.0,31822000.0,0.0
IPAR,2016-12-31,521072000.0,0.112118495753,194601000.0,326471000.0,0.0,258787000.0,258787000.0,66678000.0,2340000.0,30073000.0,23826000.0,0.0,0.0,33331000.0,0.0,33331000.0,1.07,1.07,31072328.0,31175598.0,0.577855796062,0.626537215586,0.15740435103,0.127963122179,0.0639662081248,0.0955472564252,82019000.0,66678000.0,33331000.0,0.057713713268,0.0639662081248,161828000.0,110351000.0,161828000.0,104819000.0,96977000.0,480215000.0,10076000.0,183868000.0,0.0,626000.0,202194000.0,682409000.0,49507000.0,21498000.0,142238000.0,53064000.0,74562000.0,0.0,3331000.0,0.0,56513000.0,312018000.0,25628000,402714000.0,370391000.0,110351000.0,-87266000.0,0.0,113267000.0,15341000.0,1198000.0,54564000.0,5742000.0,-0.0,-77000.0,-25067000.0,-21884000.0,-77000.0,-18015000.0,-44636000.0,-4640000.0,-15139000.0,48822000.0,0.0
IPAR,2015-12-31,468540000.0,-0.0615329456937,179069000.0,289471000.0,0.0,228268000.0,228268000.0,61203000.0,2826000.0,-5377000.0,21527000.0,0.0,0.0,30437000.0,0.0,30437000.0,0.98,0.98,30996137.0,31100215.0,0.508227997781,0.617814914415,0.15,0.130624919964,0.0649613693601,0.0980193793486,70281000.0,61203000.0,30437000.0,-0.0114760746148,0.0649613693601,176967000.0,92551000.0,176967000.0,95082000.0,98346000.0,468757000.0,9333000.0,201335000.0,0.0,100000.0,218902000.0,687659000.0,50636000.0,22163000.0,131083000.0,76443000.0,98606000.0,0.0,7359000.0,0.0,80189000.0,322072000.0,25213000,388434000.0,365587000.0,92551000.0,-78361000.0,0.0,110800000.0,9078000.0,787000.0,50084000.0,123946000.0,-0.0,-32000.0,-45030000.0,-11761000.0,-32000.0,-15806000.0,81775000.0,-10440000.0,86829000.0,-73862000.0,0.0
IPAR,2014-12-31,499261000.0,1,212224000.0,287037000.0,0.0,233634000.0,233634000.0,53403000.0,1478000.0,48806000.0,19370000.0,7909000.0,0.0,29436000.0,0.0,29436000.0,0.95,0.95,30942868.0,30931308.0,0.48,0.5749,0.121,0.1007,0.059,0.0649,60450000.0,50284000.0,37345000.0,0.0978,0.059,90138000.0,190152000.0,280290000.0,91666000.0,102326000.0,486563000.0,9187000.0,98531000.0,0.0,7777000.0,117943000.0,604506000.0,46646000.0,298000.0,103628000.0,0.0,298000.0,0.0,3773000.0,0.0,2154000.0,105782000.0,-15823000.0,374121000.0,382065000.0,190152000.0,-279992000.0,12281000.0,56684000.0,10166000.0,186000.0,36613000.0,-4224000.0,0.0,-33048000.0,-37272000.0,-5765000.0,863000.0,-14841000.0,-22710000.0,-12143000.0,-35512000.0,32389000.0,0.3296
SAFM,2019-10-31,31100000.0,-0.990618967181,3158323000.0,-3127223000.0,0.0,211141000.0,211141000.0,67994000.0,4156000.0,63847000.0,10553000.0,0.0,0.0,53294000.0,0.0,53294000.0,2.41,2.41,21829000.0,21829000.0,1.29905172019,-100.553794212,6.54064308682,2.1863022508,1.71363344051,-1.37308681672,203414000.0,67994000.0,53294000.0,2.05295819936,1.71363344051,95417000.0,0.0,95417000.0,131778000.0,289928000.0,581111000.0,1185860000.0,0.0,0.0,6612000.0,1193023000.0,1774134000.0,132741000.0,0.0,215681000.0,55000000.0,55000000.0,0.0,11331000.0,0.0,129132000.0,356459000.0,86010000,1309461000.0,1417675000.0,0.0,-40417000.0,0.0,11646000.0,135420000.0,12552000.0,206800000.0,249503000.0,-0.0,0.0,-248507000.0,-0.0,0.0,-28357000.0,15931000.0,0.0,-25776000.0,-42703000.0,0.0
SAFM,2018-10-31,3315200000.0,-0.00807851116031,2974739000.0,340461000.0,0.0,221965000.0,221965000.0,29700000.0,2066000.0,30557000.0,-30874000.0,0.0,0.0,61431000.0,0.0,61431000.0,2.7,2.7,22429000.0,22429000.0,1.29145302956,0.102696971525,0.042409507722,0.00895873552124,0.0185301037645,-0.0535298021236,140596000.0,29700000.0,61431000.0,0.00921724179537,0.0185301037645,121193000.0,0.0,121193000.0,121932000.0,240056000.0,566489000.0,1087588000.0,0.0,0.0,32974000.0,1092951000.0,1659440000.0,128936000.0,0.0,198889000.0,0.0,0.0,0.0,0.0,0.0,62793000.0,271547000.0,81269000,1284524000.0,1387893000.0,0.0,-121193000.0,0.0,9865000.0,110896000.0,16371000.0,131413000.0,308875000.0,-0.0,-83463000.0,-306674000.0,-0.0,-83463000.0,-28966000.0,-122831000.0,0.0,-298092000.0,-177462000.0,0.0
SAFM,2017-10-31,3342200000.0,0.186818649906,2700684000.0,641516000.0,0.0,216303000.0,216303000.0,425239000.0,1886000.0,424530000.0,144785000.0,0.0,0.0,279745000.0,0.0,279745000.0,12.3,12.3,22393000.0,22393000.0,2.0720314384,0.191944228353,0.157254503022,0.12723325953,0.0837008557238,0.0724627490874,525576000.0,425239000.0,279745000.0,0.127021123811,0.0837008557238,419285000.0,0.0,419285000.0,138868000.0,252765000.0,849538000.0,876808000.0,0.0,0.0,26687000.0,883705000.0,1733243000.0,90904000.0,0.0,198721000.0,0.0,0.0,0.0,6649000.0,0.0,91898000.0,300381000.0,134999000,1275060000.0,1432862000.0,0.0,-419285000.0,0.0,9762000.0,100337000.0,17376000.0,408953000.0,166768000.0,-0.0,0.0,-165915000.0,-0.0,0.0,-46399000.0,-57864000.0,0.0,185174000.0,242185000.0,0.0
SAFM,2016-10-31,2816100000.0,0.00450154807596,2362056000.0,454044000.0,0.0,159890000.0,159890000.0,294111000.0,1708000.0,292677000.0,103716000.0,0.0,0.0,188961000.0,0.0,188961000.0,8.37,8.37,22225000.0,22225000.0,1.93025871766,0.161231490359,0.134474628032,0.104439117929,0.0671002450197,0.0326575760804,378694000.0,294111000.0,188961000.0,0.103929903057,0.0671002450197,234111000.0,0.0,234111000.0,124348000.0,220306000.0,613324000.0,803991000.0,0.0,0.0,0.0,809376000.0,1422700000.0,72774000.0,0.0,148189000.0,0.0,0.0,0.0,17497000.0,0.0,75748000.0,232438000.0,125855000,1041714000.0,1190262000.0,0.0,-234111000.0,0.0,8501000.0,84583000.0,15813000.0,292849000.0,200882000.0,-0.0,0.0,-200404000.0,-10000000.0,0.0,-42900000.0,-54993000.0,0.0,37452000.0,91967000.0,0.0
SAFM,2015-10-31,2803480000.0,0.0103194953232,2312368000.0,491112000.0,0.0,155114000.0,155114000.0,335998000.0,2136000.0,334091000.0,118090000.0,0.0,0.0,216001000.0,0.0,216001000.0,9.52,9.52,22243000.0,22243000.0,1.39783302612,0.175179419864,0.14648187253,0.119850328877,0.0770474553055,0.0497656484084,410659000.0,335998000.0,216001000.0,0.119170102872,0.0770474553055,196659000.0,0.0,196659000.0,112924000.0,198753000.0,562790000.0,682334000.0,0.0,0.0,4709000.0,688671000.0,1251461000.0,62816000.0,10000000.0,161247000.0,0.0,10000000.0,1600000.0,0.0,0.0,4709000.0,221600000.0,111687000,895653000.0,1029861000.0,0.0,-186659000.0,0.0,55644000.0,74661000.0,16068000.0,297806000.0,158289000.0,-0.0,-55193000.0,-157441000.0,-10000000.0,-55193000.0,-31092000.0,-109316000.0,0.0,31049000.0,139517000.0,0.0
SAFM,2014-10-31,2774845000.0,0.0342399123363,2253898000.0,520947000.0,0.0,139025000.0,139025000.0,381922000.0,2577000.0,379466000.0,130418000.0,0.0,0.0,249048000.0,0.0,249048000.0,10.8,10.8,22441000.0,22441000.0,1.35702508801,0.187739134979,0.160812946309,0.137637237395,0.089752040204,0.0485940656145,446231000.0,381922000.0,249048000.0,0.136752142912,0.089752040204,165610000.0,0.0,165610000.0,118296000.0,190823000.0,510706000.0,596125000.0,0.0,0.0,2925000.0,600546000.0,1111252000.0,48700000.0,10000000.0,147635000.0,10000000.0,20000000.0,300000.0,21489000.0,0.0,55669000.0,213304000.0,150122000,724696000.0,897948000.0,0.0,-145610000.0,0.0,10000000.0,64309000.0,12396000.0,306467000.0,171626000.0,-0.0,0.0,-171112000.0,-10000000.0,-165610000.0,-30453000.0,-55308000.0,0.0,80047000.0,134841000.0,0.0
EPC,2019-09-30,2141000000.0,-0.0418009308987,1174400000.0,966600000.0,53500000.0,0.0,53500000.0,-390300000.0,62600000.0,-390300000.0,-18100000.0,0.0,0.0,-372200000.0,0.0,-372200000.0,-6.88,-6.88,54100000.0,54100000.0,0.0,0.451471275105,-0.138486688463,-0.182297991593,-0.173843998132,0.0619336758524,-296500000.0,-390300000.0,-372200000.0,-0.182297991593,-0.173843998132,341600000.0,0.0,341600000.0,205600000.0,357200000.0,1044400000.0,396000000.0,1945700000.0,0.0,29100000.0,2376500000.0,3420900000.0,222800000.0,117000000.0,659600000.0,1097800000.0,1214800000.0,1700000.0,11500000.0,0.0,1457800000.0,2117400000.0,823900000,714800000.0,1303500000.0,0.0,873200000.0,0.0,0.0,93800000.0,17800000.0,190600000.0,58000000.0,-0.0,0.0,-45500000.0,-324000000.0,0.0,-0.0,-63800000.0,-6100000.0,75200000.0,132600000.0,0.0
EPC,2018-09-30,2234400000.0,-0.0278454577097,1197600000.0,1036800000.0,61100000.0,0.0,61100000.0,163800000.0,68000000.0,163800000.0,60500000.0,0.0,0.0,103300000.0,0.0,103300000.0,1.9,1.9,54400000.0,54500000.0,0.0,0.464017185822,0.116988900823,0.0733082706767,0.046231650555,0.0907178660938,261400000.0,163800000.0,103300000.0,0.0733082706767,0.046231650555,266400000.0,0.0,266400000.0,226500000.0,329500000.0,951200000.0,424100000.0,2549800000.0,0.0,17300000.0,3002100000.0,3953300000.0,238400000.0,184900000.0,717000000.0,1103800000.0,1288700000.0,0.0,20300000.0,0.0,1491700000.0,2208700000.0,809100000,1083100000.0,1744600000.0,0.0,1022300000.0,0.0,0.0,97600000.0,17000000.0,264700000.0,62000000.0,-90200000.0,-124400000.0,-128500000.0,-788000000.0,-124400000.0,-0.0,-375200000.0,2500000.0,-236500000.0,202700000.0,0.0
EPC,2017-09-30,2298400000.0,-0.0269263336156,1167800000.0,1130600000.0,67600000.0,0.0,67600000.0,-52900000.0,69200000.0,-52900000.0,-58600000.0,0.0,0.0,5700000.0,0.0,5700000.0,0.1,0.1,57300000.0,57500000.0,0.0,0.491907413853,0.0180560389836,-0.0230160111382,0.00247998607727,0.0988513748695,41500000.0,-52900000.0,5700000.0,-0.0230160111382,0.00247998607727,502900000.0,0.0,502900000.0,224100000.0,333500000.0,1186200000.0,453400000.0,2517600000.0,0.0,24700000.0,3002600000.0,4188800000.0,223600000.0,0.0,524400000.0,1525400000.0,1525400000.0,0.0,18300000.0,0.0,1922700000.0,2447100000.0,919500000,952900000.0,1741700000.0,0.0,1022500000.0,0.0,0.0,94400000.0,22200000.0,296200000.0,69000000.0,-34000000.0,-165400000.0,-84600000.0,-568000000.0,-165400000.0,-0.0,-460600000.0,13000000.0,-236000000.0,227200000.0,0.0
EPC,2016-09-30,2362000000.0,-0.0244506856104,1202100000.0,1159900000.0,71900000.0,0.0,71900000.0,219900000.0,71800000.0,219900000.0,41200000.0,0.0,0.0,178700000.0,0.0,178700000.0,3.02,2.99,59200000.0,59700000.0,0.0,0.491066892464,0.132303132938,0.0930990685859,0.0756562235394,0.0452582557155,312500000.0,219900000.0,178700000.0,0.0930990685859,0.0756562235394,738900000.0,0.0,738900000.0,260700000.0,309200000.0,1452000000.0,486100000.0,2805400000.0,0.0,39300000.0,3319500000.0,4771500000.0,196500000.0,281800000.0,868200000.0,1544200000.0,1826000000.0,0.0,19700000.0,0.0,2074300000.0,2942500000.0,1079500000,946000000.0,1829000000.0,0.0,1087100000.0,0.0,0.0,92600000.0,25600000.0,176400000.0,69500000.0,-0.0,-196600000.0,-69500000.0,-631000000.0,-196600000.0,-0.0,-83000000.0,2900000.0,26800000.0,106900000.0,0.0
EPC,2015-09-30,2421200000.0,-0.455628751939,1237400000.0,1183800000.0,71000000.0,0.0,71000000.0,-458700000.0,99800000.0,-458700000.0,-162600000.0,0.0,0.0,-275300000.0,0.0,-275300000.0,-4.44,-4.44,62000000.0,62000000.0,1.50322580645,0.488931108541,-0.141830497274,-0.189451511647,-0.113703948455,0.0204031058979,-343400000.0,-458700000.0,-275300000.0,-0.189451511647,-0.113703948455,712100000.0,0.0,712100000.0,279800000.0,332800000.0,1636600000.0,476100000.0,2830300000.0,0.0,80800000.0,3355100000.0,4991700000.0,236900000.0,0.0,666800000.0,1704000000.0,1704000000.0,0.0,25300000.0,0.0,2460800000.0,3127600000.0,1262000000,772900000.0,1864100000.0,0.0,991900000.0,0.0,0.0,115300000.0,33100000.0,148800000.0,99400000.0,-12100000.0,-175200000.0,-174800000.0,-1900000000.0,-175200000.0,-93200000.0,-327200000.0,-63700000.0,-416900000.0,49400000.0,0.0
EPC,2014-09-30,4447700000.0,-0.00409762651142,2312500000.0,2135200000.0,94800000.0,0.0,94800000.0,356100000.0,122600000.0,92700000.0,117400000.0,0.0,0.0,356100000.0,0.0,356100000.0,5.74,5.69,62000000.0,62600000.0,1.97923322684,0.480068349934,0.110686422196,0.0800638532275,0.0800638532275,0.10942734447,492300000.0,356100000.0,356100000.0,0.0208422330643,0.0800638532275,1129000000.0,0.0,1129000000.0,495000000.0,616900000.0,2729600000.0,751700000.0,3334700000.0,0.0,136300000.0,4199100000.0,6928700000.0,397100000.0,230000000.0,1573700000.0,1768900000.0,1998900000.0,0.0,42500000.0,0.0,2240000000.0,4406400000.0,1419700000,1373000000.0,2522300000.0,0.0,869900000.0,0.0,592700000.0,136200000.0,30500000.0,572000000.0,85300000.0,-187100000.0,-94400000.0,-293600000.0,-334300000.0,-84500000.0,-123900000.0,-147700000.0,-30200000.0,130700000.0,486700000.0,0.0
CALM,2019-06-01,1361188000.0,-0.0943116521572,1138329000.0,222859000.0,0.0,174795000.0,174795000.0,45781000.0,644000.0,70805000.0,15743000.0,0.0,0.0,54229000.0,0.0,54229000.0,1.12,1.12,48467000.0,48589000.0,0.858486488711,0.163723894128,0.0730751373065,0.0336331204801,0.0398394637625,0.0345991883561,99469000.0,45781000.0,54229000.0,0.0520170615668,0.0398394637625,69247000.0,250200000.0,319447000.0,57100000.0,172237000.0,567753000.0,456294000.0,59287000.0,67554000.0,9745000.0,588525000.0,1156278000.0,39210000.0,1696000.0,74907000.0,641000.0,2337000.0,0.0,0.0,0.0,91565000.0,169654000.0,31039000,954527000.0,986624000.0,317754000.0,-66910000.0,0.0,3182000.0,53688000.0,3600000.0,115085000.0,67989000.0,-17889000.0,-176951000.0,-47817000.0,-3754000.0,-69247000.0,-41713000.0,-46452000.0,0.0,20816000.0,47096000.0,0.0
CALM,2018-06-02,1502932000.0,0.398709927195,1141886000.0,361046000.0,0.0,177148000.0,177148000.0,102675000.0,265000.0,117337000.0,-8859000.0,0.0,0.0,125932000.0,0.0,125932000.0,2.6,2.6,48353000.0,48468000.0,0.0,0.240227768123,0.103145717837,0.0683164640849,0.0837908834199,0.120260929969,155021000.0,102675000.0,125932000.0,0.0780720618098,0.0837908834199,48431000.0,282586000.0,331017000.0,80700000.0,168644000.0,587520000.0,425384000.0,61832000.0,66806000.0,0.0,562927000.0,1150447000.0,37840000.0,3536000.0,107838000.0,2554000.0,6090000.0,0.0,17446000.0,0.0,86927000.0,197114000.0,28405000,924918000.0,953333000.0,349392000.0,-42341000.0,0.0,2349000.0,52346000.0,3500000.0,200415000.0,19671000.0,-0.0,-275287000.0,-163850000.0,-4849000.0,-48431000.0,-0.0,-5698000.0,0.0,30867000.0,180744000.0,0.0
CALM,2017-06-03,1074513000.0,-0.437029837844,1028963000.0,45550000.0,0.0,173980000.0,173980000.0,-132094000.0,318000.0,-114294000.0,-39867000.0,0.0,0.0,-74278000.0,0.0,-74278000.0,-1.54,-1.54,48362000.0,48362000.0,0.0,0.0423912972668,-0.0772266133588,-0.122933831419,-0.0691271301511,-0.107930755607,-82981000.0,-132094000.0,-74278000.0,-0.106368187263,-0.0691271301511,17564000.0,138462000.0,156026000.0,61300000.0,160692000.0,436206000.0,458184000.0,64674000.0,69296000.0,52691000.0,596888000.0,1033094000.0,30629000.0,4826000.0,64679000.0,6113000.0,10939000.0,0.0,0.0,0.0,123922000.0,190407000.0,26066000,816046000.0,842687000.0,207758000.0,-6625000.0,0.0,1806000.0,49113000.0,3400000.0,-49316000.0,66657000.0,-85822000.0,-29849000.0,56132000.0,-16510000.0,-17564000.0,-0.0,-18298000.0,0.0,-11482000.0,-115973000.0,0.0
CALM,2016-05-28,1908650000.0,0.210973981809,1260576000.0,648074000.0,0.0,177760000.0,177760000.0,470314000.0,1156000.0,487249000.0,169202000.0,0.0,0.0,316041000.0,0.0,316041000.0,6.56,6.53,48195000.0,48365000.0,2.50060994521,0.339545752233,0.269774971839,0.246411861787,0.165583527624,0.160172373143,514906000.0,470314000.0,316041000.0,0.255284625259,0.165583527624,29046000.0,360499000.0,389545000.0,62012000.0,154799000.0,626283000.0,392274000.0,34154000.0,53975000.0,11830000.0,485482000.0,1111765000.0,36262000.0,16320000.0,83451000.0,9250000.0,25570000.0,0.0,0.0,0.0,110953000.0,196490000.0,24180000,890440000.0,915275000.0,414474000.0,-3476000.0,0.0,2086000.0,44592000.0,1700000.0,381838000.0,76125000.0,-0.0,-403204000.0,-212549000.0,-25290000.0,-29046000.0,-120942000.0,-148910000.0,0.0,20379000.0,305713000.0,0.0
CALM,2015-05-30,1576128000.0,0.0938443633073,1180407000.0,395721000.0,0.0,160386000.0,160386000.0,235335000.0,2313000.0,246549000.0,84268000.0,0.0,0.0,161254000.0,0.0,161254000.0,3.35,3.33,48136000.0,48437000.0,1.00976526209,0.251071613473,0.175139963252,0.149312111707,0.102310218459,0.0717371939335,276043000.0,235335000.0,161254000.0,0.15642701608,0.102310218459,8667000.0,249961000.0,258628000.0,99013000.0,146260000.0,508964000.0,358790000.0,36756000.0,18843000.0,30391000.0,419689000.0,928653000.0,44709000.0,10065000.0,131937000.0,40795000.0,50860000.0,0.0,5288000.0,0.0,92154000.0,225089000.0,24276000,679969000.0,703564000.0,268804000.0,42193000.0,0.0,998000.0,40708000.0,2300000.0,195330000.0,82263000.0,-0.0,-202506000.0,-141632000.0,-10233000.0,-8667000.0,-48910000.0,-59552000.0,0.0,-5854000.0,113067000.0,0.0
CALM,2014-05-31,1440907000.0,0.118626291045,1138143000.0,302764000.0,0.0,156712000.0,156712000.0,146052000.0,3755000.0,161842000.0,52035000.0,0.0,0.0,109207000.0,0.0,109207000.0,4.54,4.52,24047000.0,24148000.0,1.01598476064,0.21012043109,0.127180310735,0.101361156549,0.075790456983,0.0449244815939,183255000.0,146052000.0,109207000.0,0.112319532073,0.075790456983,14521000.0,194738000.0,209259000.0,82978000.0,146117000.0,445393000.0,314935000.0,39619000.0,6786000.0,30451000.0,366268000.0,811661000.0,38974000.0,10216000.0,121101000.0,50877000.0,61093000.0,0.0,2983000.0,0.0,95815000.0,217828000.0,20047000,572874000.0,593833000.0,201524000.0,46572000.0,0.0,912000.0,37203000.0,1300000.0,123920000.0,59188000.0,-11548000.0,-142585000.0,-99383000.0,-10745000.0,-14521000.0,-24534000.0,-35000000.0,0.0,-10463000.0,64732000.0,0.0
FDP,2019-12-27,4489000000.0,-0.00109036694185,4188400000.0,300600000.0,0.0,195700000.0,195700000.0,114100000.0,25400000.0,90700000.0,21400000.0,0.0,0.0,66500000.0,0.0,66500000.0,1.38,1.37,48291345.0,48394113.0,0.138446591634,0.0669636890176,0.0474493205614,0.025417687681,0.0148139897527,0.0104254845177,213000000.0,114100000.0,66500000.0,0.0202049454221,0.0148139897527,33300000.0,0.0,33300000.0,363900000.0,551800000.0,1051500000.0,1403200000.0,581900000.0,1900000.0,100300000.0,2298400000.0,3349900000.0,522200000.0,300000.0,562900000.0,586800000.0,587100000.0,0.0,7900000.0,0.0,787200000.0,1630700000.0,531400000,1252700000.0,1719200000.0,1900000.0,553800000.0,0.0,280600000.0,98900000.0,8400000.0,169100000.0,122300000.0,-0.0,-17900000.0,-52200000.0,-814100000.0,-17900000.0,-6700000.0,-108900000.0,4000000.0,12000000.0,46800000.0,0.0
FDP,2018-12-28,4493900000.0,0.0998556009692,4214100000.0,279800000.0,0.0,194700000.0,194700000.0,38600000.0,23600000.0,200000.0,16100000.0,0.0,0.0,-21900000.0,0.0,-21900000.0,-0.45,-0.45,48625175.0,48625175.0,0.596398881855,0.0622621776185,0.0311088364227,0.00858942121543,-0.00487327265849,0.0213845434923,139800000.0,38600000.0,-21900000.0,4.45047731369e-05,-0.00487327265849,21300000.0,0.0,21300000.0,378300000.0,565300000.0,1138800000.0,1392200000.0,590300000.0,6100000.0,68100000.0,2116400000.0,3255200000.0,576600000.0,500000.0,586000000.0,661900000.0,662400000.0,0.0,8900000.0,0.0,808300000.0,1563200000.0,527100000,1206000000.0,1692000000.0,6100000.0,641100000.0,0.0,168900000.0,101200000.0,11500000.0,246600000.0,150500000.0,-0.0,-29400000.0,-494800000.0,-798600000.0,-29400000.0,-29000000.0,242000000.0,2400000.0,-3800000.0,96100000.0,0.0
FDP,2017-12-29,4085900000.0,0.0185466782999,3754300000.0,331600000.0,0.0,173200000.0,173200000.0,152700000.0,6400000.0,144100000.0,24900000.0,0.0,0.0,120800000.0,0.0,120800000.0,2.4,2.39,50247881.0,50588708.0,0.594994440261,0.0811571501995,0.0570498543772,0.0373724271274,0.0295650896987,0.0136322474853,233100000.0,152700000.0,120800000.0,0.0352676276952,0.0295650896987,25100000.0,0.0,25100000.0,358800000.0,541800000.0,1019800000.0,1328300000.0,0.0,2000000.0,59100000.0,1747100000.0,2766900000.0,382400000.0,600000.0,393800000.0,357000000.0,357600000.0,0.0,10800000.0,0.0,485700000.0,999500000.0,522500000,1275000000.0,1767400000.0,2000000.0,332500000.0,0.0,120000000.0,80400000.0,12100000.0,194200000.0,138500000.0,-0.0,-142000000.0,-133800000.0,-673300000.0,-142000000.0,-30100000.0,-53800000.0,-1600000.0,5000000.0,55700000.0,0.0
FDP,2016-12-30,4011500000.0,-0.0110933070381,3550100000.0,461400000.0,0.0,187400000.0,187400000.0,244200000.0,4100000.0,237400000.0,11800000.0,0.0,0.0,225100000.0,0.0,225100000.0,4.37,4.33,51507755.0,51962195.0,0.542702247278,0.115019319457,0.0805683659479,0.0608749844198,0.0561136731896,0.0461174124392,323200000.0,244200000.0,225100000.0,0.0591798579085,0.0561136731896,20100000.0,0.0,20100000.0,349200000.0,493200000.0,961100000.0,1272000000.0,0.0,2000000.0,66200000.0,1692200000.0,2653300000.0,360500000.0,600000.0,369100000.0,231700000.0,232300000.0,0.0,8000000.0,0.0,374200000.0,861500000.0,549700000,1285800000.0,1791800000.0,2000000.0,212200000.0,0.0,118200000.0,79000000.0,24900000.0,331700000.0,146700000.0,-0.0,-108400000.0,-143300000.0,-648400000.0,-108400000.0,-28200000.0,-192500000.0,-700000.0,-4800000.0,185000000.0,0.0
FDP,2016-01-01,4056500000.0,0.0328453214513,3714200000.0,342300000.0,0.0,183900000.0,183900000.0,91000000.0,4300000.0,80100000.0,13700000.0,0.0,0.0,62400000.0,0.0,62400000.0,1.18,1.17,52750212.0,53199533.0,0.492485526142,0.0843830888697,0.0404042894121,0.0224331320104,0.0153827190928,0.0245285344509,163900000.0,91000000.0,62400000.0,0.0197460865278,0.0153827190928,24900000.0,0.0,24900000.0,346100000.0,481900000.0,985800000.0,1215400000.0,0.0,2000000.0,42600000.0,1610300000.0,2596100000.0,359100000.0,1500000.0,381800000.0,252700000.0,254200000.0,0.0,6300000.0,0.0,376900000.0,888100000.0,568200000,1162300000.0,1708000000.0,2000000.0,229300000.0,0.0,129400000.0,72900000.0,16800000.0,231100000.0,131600000.0,-0.0,-117400000.0,-124700000.0,-606600000.0,-117400000.0,-26200000.0,-127700000.0,12100000.0,-9200000.0,99500000.0,0.0
FDP,2014-12-26,3927500000.0,0.0661834568504,3562700000.0,364800000.0,0.0,175800000.0,175800000.0,173500000.0,3200000.0,158900000.0,14300000.0,0.0,0.0,142400000.0,0.0,142400000.0,2.54,2.53,55966531.0,56347092.0,0.495145339532,0.0928835136856,0.0629408020369,0.0441756842775,0.0362571610439,0.0207765754297,247200000.0,173500000.0,142400000.0,0.0404583068109,0.0362571610439,34100000.0,0.0,34100000.0,344600000.0,516100000.0,1040900000.0,1170200000.0,0.0,2000000.0,45800000.0,1634400000.0,2675300000.0,382100000.0,2200000.0,409400000.0,264700000.0,266900000.0,0.0,6800000.0,0.0,388200000.0,927400000.0,546400000,1198400000.0,1747900000.0,2000000.0,232800000.0,0.0,129800000.0,73700000.0,12400000.0,230700000.0,149100000.0,-0.0,-131100000.0,-160200000.0,-612500000.0,-131100000.0,-27900000.0,-88700000.0,9800000.0,-8400000.0,81600000.0,0.0
CENTA,2019-09-28,2383010000.0,0.0756567662725,1678969000.0,704041000.0,0.0,551973000.0,551973000.0,152068000.0,42614000.0,119251000.0,26604000.0,0.0,0.0,92786000.0,0.0,92786000.0,1.63,1.61,56770000.0,57611000.0,0.00131919251532,0.295441899111,0.0859115152685,0.063813412449,0.0389364711017,0.0727638574744,204728000.0,152068000.0,92786000.0,0.0500421735536,0.0389364711017,497749000.0,2000000.0,499749000.0,300135000.0,466197000.0,1307193000.0,245405000.0,432177000.0,0.0,34529000.0,717827000.0,2025020000.0,149246000.0,113000.0,278525000.0,693037000.0,693150000.0,0.0,483000.0,0.0,772998000.0,1029013000.0,575826000,421742000.0,996007000.0,2000000.0,195401000.0,0.0,-22510000.0,52660000.0,14700000.0,204974000.0,31577000.0,-0.0,-62974000.0,-76263000.0,-46193000.0,-62974000.0,-76000.0,-110765000.0,-250000.0,17696000.0,173397000.0,0.0
CENTA,2018-09-29,2215400000.0,0.000180586907449,1539986000.0,675376000.0,0.0,508040000.0,508040000.0,167336000.0,39196000.0,127425000.0,3305000.0,0.0,0.0,123594000.0,0.0,123594000.0,2.39,2.32,51716000.0,53341000.0,0.0299394462046,0.304855105173,0.0976275164756,0.0755330865758,0.0557885709127,0.0344258373206,216284000.0,167336000.0,123594000.0,0.0575178297373,0.0557885709127,482106000.0,0.0,482106000.0,275908000.0,427823000.0,1217298000.0,217647000.0,433477000.0,0.0,30556000.0,689911000.0,1907209000.0,110259000.0,122000.0,212964000.0,692031000.0,692153000.0,0.0,518000.0,0.0,759422000.0,954760000.0,590623000,362923000.0,952449000.0,0.0,210047000.0,0.0,-17626000.0,48948000.0,11600000.0,114112000.0,37845000.0,-0.0,-13797000.0,-139136000.0,-431000.0,181834000.0,-1597000.0,474783000.0,-50000.0,449709000.0,76267000.0,0.0
CENTA,2017-09-30,2054478000.0,0.000232716650438,1421670000.0,632808000.0,0.0,476696000.0,476696000.0,156112000.0,28209000.0,126429000.0,46699000.0,0.0,0.0,78828000.0,0.0,78828000.0,1.57,1.52,50230000.0,51820000.0,0.019664222308,0.308014006478,0.0974417832656,0.0759862115827,0.0383688703408,0.0339015555289,200192000.0,156112000.0,78828000.0,0.0615382593535,0.0383688703408,32397000.0,0.0,32397000.0,237868000.0,382101000.0,683056000.0,180913000.0,372375000.0,0.0,44130000.0,623850000.0,1306906000.0,103283000.0,375000.0,220207000.0,395278000.0,395653000.0,0.0,325000.0,0.0,481077000.0,671220000.0,397186000,239329000.0,635686000.0,0.0,363256000.0,0.0,-30064000.0,44080000.0,11100000.0,114309000.0,44659000.0,-0.0,-27556000.0,-164577000.0,-463000.0,-27556000.0,-1019000.0,-10392000.0,75000.0,-60585000.0,69650000.0,0.0
CENTA,2016-09-24,1829017000.0,9.29469655549e-06,1275967000.0,553050000.0,0.0,421864000.0,421864000.0,129358000.0,42847000.0,69638000.0,24053000.0,0.0,0.0,44514000.0,0.0,44514000.0,0.91,0.87,48964000.0,51075000.0,0.0115907978463,0.302375538336,0.0934179398005,0.0707254224537,0.0243376633459,0.0676888186386,170863000.0,129358000.0,44514000.0,0.0380740036861,0.0243376633459,92982000.0,0.0,92982000.0,201151000.0,362004000.0,714806000.0,158224000.0,327250000.0,0.0,10688000.0,497387000.0,1212193000.0,102413000.0,463000.0,202219000.0,394806000.0,395269000.0,0.0,254000.0,0.0,457584000.0,659179000.0,393687000,160501000.0,553014000.0,0.0,302287000.0,0.0,-624000.0,41505000.0,8356000.0,151426000.0,27622000.0,-0.0,-10873000.0,-91195000.0,-400307000.0,-10549000.0,-592000.0,-14165000.0,-668000.0,45398000.0,123804000.0,0.0
CENTA,2015-09-26,1650737000.0,-0.000159297395518,1162685000.0,488052000.0,0.0,389345000.0,389345000.0,91435000.0,40027000.0,51550000.0,18535000.0,0.0,0.0,31971000.0,0.0,31971000.0,0.66,0.64,48562000.0,49638000.0,0.0338450380757,0.295657030769,0.0770165083838,0.0553904104651,0.0193677127247,0.0396301773087,127134000.0,91435000.0,31971000.0,0.0312284755234,0.0193677127247,47584000.0,0.0,47584000.0,207402000.0,335946000.0,653820000.0,162809000.0,284549000.0,0.0,7060000.0,480934000.0,1134754000.0,88889000.0,291000.0,176904000.0,399848000.0,400139000.0,0.0,138000.0,0.0,452568000.0,629468000.0,388771000,115987000.0,505286000.0,0.0,352555000.0,0.0,-4000.0,35699000.0,8315000.0,87449000.0,22030000.0,-0.0,-18497000.0,-49854000.0,-50289000.0,-18297000.0,-1680000.0,-68370000.0,-317000.0,-31092000.0,65419000.0,0.0
CENTA,2014-09-27,1604357000.0,0.000222568578554,1150333000.0,454024000.0,0.0,397811000.0,397811000.0,56213000.0,42844000.0,13866000.0,4045000.0,0.0,0.0,8804000.0,0.0,8804000.0,0.18,0.18,48880000.0,49397000.0,0.0128145433933,0.282994370954,0.0573401057246,0.035037712928,0.00548755669717,0.0681232418969,91994000.0,56213000.0,8804000.0,0.00864271480724,0.00548755669717,78676000.0,9990000.0,88666000.0,193729000.0,326386000.0,671552000.0,166849000.0,296230000.0,0.0,13848000.0,477175000.0,1148727000.0,88428000.0,291000.0,173098000.0,449948000.0,450239000.0,0.0,87000.0,0.0,496533000.0,664004000.0,397079000,86396000.0,484723000.0,9990000.0,371563000.0,0.0,-5627000.0,35781000.0,7678000.0,126467000.0,17173000.0,-20282000.0,-2332000.0,-35181000.0,-367000.0,-1167000.0,-633000.0,-27759000.0,-7000.0,63520000.0,109294000.0,0.0
CVGW,2019-10-31,1195777000.0,0.0982945705106,1067695000.0,128082000.0,100000.0,59113000.0,59213000.0,71046000.0,948000.0,63550000.0,12882000.0,0.0,0.0,36646000.0,0.0,36646000.0,2.09,2.08,17519000.0,17593000.0,0.998578980276,0.107111944786,0.0708150432731,0.0594140880783,0.0306461823567,0.0463113105537,84679000.0,71046000.0,36646000.0,0.0531453607153,0.0306461823567,7973000.0,31734000.0,39707000.0,63423000.0,36889000.0,127515000.0,132098000.0,0.0,31734000.0,3447000.0,262845000.0,390360000.0,17421000.0,762000.0,90629000.0,5412000.0,6174000.0,0.0,100000.0,0.0,13862000.0,104491000.0,163294000,122557000.0,285869000.0,63468000.0,-1799000.0,0.0,0.0,13633000.0,3593000.0,72099000.0,16721000.0,-0.0,0.0,-31850000.0,-305000.0,-7973000.0,-17568000.0,-33796000.0,0.0,6453000.0,55378000.0,0.0
CVGW,2018-10-31,1088758000.0,0.0122661112996,975142000.0,113616000.0,100000.0,57081000.0,57181000.0,56535000.0,831000.0,56581000.0,12719000.0,0.0,0.0,32281000.0,0.0,32281000.0,1.85,1.84,17477000.0,17568000.0,0.94814435337,0.104353768239,0.063904926531,0.0519261396931,0.0296493803031,0.0306973634178,69577000.0,56535000.0,32281000.0,0.0519683896697,0.0296493803031,1520000.0,0.0,1520000.0,66143000.0,35044000.0,128510000.0,122143000.0,0.0,42609000.0,4377000.0,239226000.0,367736000.0,13735000.0,118000.0,98943000.0,314000.0,432000.0,0.0,100000.0,0.0,3834000.0,102777000.0,159676000,93124000.0,264959000.0,42609000.0,-1088000.0,0.0,0.0,13042000.0,4633000.0,48426000.0,15004000.0,-0.0,0.0,-30204000.0,-136000.0,-1520000.0,-16657000.0,-23327000.0,0.0,-5105000.0,33422000.0,0.0
CVGW,2017-10-31,1075565000.0,0.149502126263,961021000.0,114544000.0,100000.0,56651000.0,56751000.0,57893000.0,1023000.0,57774000.0,20450000.0,0.0,0.0,37270000.0,0.0,37270000.0,2.14,2.13,17416000.0,17514000.0,0.896197327852,0.106496585516,0.0637655557777,0.0538256637209,0.0346515552291,0.016391384993,68584000.0,57893000.0,37270000.0,0.0537150241966,0.0346515552291,6625000.0,0.0,6625000.0,69750000.0,30858000.0,119828000.0,120072000.0,0.0,40362000.0,9783000.0,244289000.0,364117000.0,22911000.0,129000.0,116167000.0,439000.0,568000.0,0.0,700000.0,0.0,3828000.0,119995000.0,155259000,78411000.0,244122000.0,40362000.0,-6057000.0,0.0,0.0,10691000.0,4320000.0,62140000.0,44510000.0,-0.0,0.0,-53668000.0,-58000.0,-6625000.0,-15696000.0,-15689000.0,0.0,-7217000.0,17630000.0,0.0
CVGW,2016-10-31,935679000.0,0.0920317358057,828145000.0,107534000.0,100000.0,46440000.0,46540000.0,61094000.0,756000.0,60328000.0,21869000.0,0.0,0.0,38022000.0,0.0,38022000.0,2.19,2.18,17347000.0,17431000.0,0.797831449716,0.114926165918,0.0747115196558,0.0652937599326,0.0406357308436,0.0428661966337,69906000.0,61094000.0,38022000.0,0.0644751031069,0.0406357308436,13842000.0,0.0,13842000.0,70101000.0,31849000.0,134953000.0,87837000.0,0.0,34036000.0,334000.0,192980000.0,327933000.0,22447000.0,138000.0,109341000.0,445000.0,583000.0,0.0,400000.0,0.0,2752000.0,112864000.0,150710000,57798000.0,215069000.0,34036000.0,-13259000.0,0.0,771000.0,8812000.0,2134000.0,61968000.0,21859000.0,-0.0,0.0,-21731000.0,-2209000.0,-13842000.0,-13907000.0,-33566000.0,0.0,6671000.0,40109000.0,0.0
CVGW,2015-10-31,856824000.0,0.0949687543929,771597000.0,85227000.0,100000.0,41558000.0,41658000.0,43669000.0,830000.0,43292000.0,16093000.0,0.0,0.0,27199000.0,0.0,27199000.0,1.57,1.57,17295000.0,17363000.0,0.747048321143,0.0994685022828,0.0603472825224,0.0509661260656,0.0317439754255,0.0223896622877,51707000.0,43669000.0,27199000.0,0.0505261290533,0.0317439754255,7171000.0,0.0,7171000.0,58606000.0,26351000.0,116822000.0,69448000.0,0.0,27415000.0,6111000.0,168123000.0,284945000.0,19600000.0,2206000.0,97858000.0,586000.0,2792000.0,0.0,0.0,0.0,820000.0,98963000.0,148074000,35472000.0,185982000.0,27415000.0,-4379000.0,0.0,285000.0,8038000.0,2108000.0,37283000.0,18099000.0,-0.0,-800000.0,-21054000.0,-5098000.0,-6354000.0,-12971000.0,-15802000.0,0.0,427000.0,19184000.0,0.0
CVGW,2014-10-31,782510000.0,0.131692628979,711282000.0,71228000.0,800000.0,36605000.0,37405000.0,-16459000.0,983000.0,-781000.0,-3916000.0,0.0,0.0,97000.0,0.0,97000.0,0.01,0.01,15765000.0,17220000.0,0.639082462253,0.0910250348238,-0.0121825919158,-0.0210335970147,0.000123960077188,0.0124369017648,-9533000.0,-16459000.0,97000.0,-0.0009980703122,0.000123960077188,6744000.0,0.0,6744000.0,56618000.0,30975000.0,123044000.0,57352000.0,0.0,44355000.0,3294000.0,160420000.0,283464000.0,15065000.0,5099000.0,100997000.0,2791000.0,7890000.0,0.0,0.0,0.0,2791000.0,104058000.0,144496000,22180000.0,179406000.0,44355000.0,1146000.0,0.0,270000.0,6926000.0,727000.0,21345000.0,11613000.0,-0.0,0.0,-18551000.0,-5160000.0,3256000.0,-11005000.0,-4069000.0,0.0,-1275000.0,9732000.0,0.0
CENT,2019-09-28,2383010000.0,0.0756567662725,1678969000.0,704041000.0,0.0,551973000.0,551973000.0,152068000.0,42614000.0,119251000.0,26604000.0,0.0,0.0,92786000.0,0.0,92786000.0,1.63,1.61,56770000.0,57611000.0,0.00131919251532,0.295441899111,0.0859115152685,0.063813412449,0.0389364711017,0.0727638574744,204728000.0,152068000.0,92786000.0,0.0500421735536,0.0389364711017,497749000.0,2000000.0,499749000.0,300135000.0,466197000.0,1307193000.0,245405000.0,432177000.0,0.0,34529000.0,717827000.0,2025020000.0,149246000.0,113000.0,278525000.0,693037000.0,693150000.0,0.0,483000.0,0.0,772998000.0,1029013000.0,575826000,421742000.0,996007000.0,2000000.0,195401000.0,0.0,-22510000.0,52660000.0,14700000.0,204974000.0,31577000.0,-0.0,-62974000.0,-76263000.0,-46193000.0,-62974000.0,-76000.0,-110765000.0,-250000.0,17696000.0,173397000.0,0.0
CENT,2018-09-29,2215400000.0,0.078327438892,1539986000.0,675376000.0,0.0,508040000.0,508040000.0,167336000.0,39196000.0,127425000.0,3305000.0,0.0,0.0,123594000.0,0.0,123594000.0,2.39,2.32,51716000.0,53341000.0,0.0299394462046,0.304855105173,0.0976275164756,0.0755330865758,0.0557885709127,0.0344258373206,216284000.0,167336000.0,123594000.0,0.0575178297373,0.0557885709127,482106000.0,0.0,482106000.0,275908000.0,427823000.0,1217298000.0,217647000.0,433477000.0,0.0,30556000.0,689911000.0,1907209000.0,110259000.0,122000.0,212964000.0,692031000.0,692153000.0,0.0,518000.0,0.0,759422000.0,954760000.0,590623000,362923000.0,952449000.0,0.0,210047000.0,0.0,-17626000.0,48948000.0,11600000.0,114112000.0,37845000.0,-0.0,-13797000.0,-139136000.0,-431000.0,181834000.0,-1597000.0,474783000.0,-50000.0,449709000.0,76267000.0,0.0
CENT,2017-09-30,2054478000.0,0.1232689472,1421670000.0,632808000.0,0.0,476696000.0,476696000.0,156112000.0,28209000.0,126429000.0,46699000.0,0.0,0.0,78828000.0,0.0,78828000.0,1.57,1.52,50230000.0,51820000.0,0.019664222308,0.308014006478,0.0974417832656,0.0759862115827,0.0383688703408,0.0339015555289,200192000.0,156112000.0,78828000.0,0.0615382593535,0.0383688703408,32397000.0,0.0,32397000.0,237868000.0,382101000.0,683056000.0,180913000.0,372375000.0,0.0,44130000.0,623850000.0,1306906000.0,103283000.0,375000.0,220207000.0,395278000.0,395653000.0,0.0,325000.0,0.0,481077000.0,671220000.0,397186000,239329000.0,635686000.0,0.0,363256000.0,0.0,-30064000.0,44080000.0,11100000.0,114309000.0,44659000.0,-0.0,-27556000.0,-164577000.0,-463000.0,-27556000.0,-1019000.0,-10392000.0,75000.0,-60585000.0,69650000.0,0.0
CENT,2016-09-24,1829017000.0,0.108000244739,1275967000.0,553050000.0,0.0,421864000.0,421864000.0,129358000.0,42847000.0,69638000.0,24053000.0,0.0,0.0,44514000.0,0.0,44514000.0,0.91,0.87,48964000.0,51075000.0,0.0115907978463,0.302375538336,0.0934179398005,0.0707254224537,0.0243376633459,0.0676888186386,170863000.0,129358000.0,44514000.0,0.0380740036861,0.0243376633459,92982000.0,0.0,92982000.0,201151000.0,362004000.0,714806000.0,158224000.0,327250000.0,0.0,10688000.0,497387000.0,1212193000.0,102413000.0,463000.0,202219000.0,394806000.0,395269000.0,0.0,254000.0,0.0,457584000.0,659179000.0,393687000,160501000.0,553014000.0,0.0,302287000.0,0.0,-624000.0,41505000.0,8356000.0,151426000.0,27622000.0,-0.0,-10873000.0,-91195000.0,-400307000.0,-10549000.0,-592000.0,-14165000.0,-668000.0,45398000.0,123804000.0,0.0
CENT,2015-09-26,1650737000.0,0.0289087777845,1162685000.0,488052000.0,0.0,389345000.0,389345000.0,91435000.0,40027000.0,51550000.0,18535000.0,0.0,0.0,31971000.0,0.0,31971000.0,0.66,0.64,48562000.0,49638000.0,0.0338450380757,0.295657030769,0.0770165083838,0.0553904104651,0.0193677127247,0.0396301773087,127134000.0,91435000.0,31971000.0,0.0312284755234,0.0193677127247,47584000.0,0.0,47584000.0,207402000.0,335946000.0,653820000.0,162809000.0,284549000.0,0.0,7060000.0,480934000.0,1134754000.0,88889000.0,291000.0,176904000.0,399848000.0,400139000.0,0.0,138000.0,0.0,452568000.0,629468000.0,388771000,115987000.0,505286000.0,0.0,352555000.0,0.0,-4000.0,35699000.0,8315000.0,87449000.0,22030000.0,-0.0,-18497000.0,-49854000.0,-50289000.0,-18297000.0,-1680000.0,-68370000.0,-317000.0,-31092000.0,65419000.0,0.0
CENT,2014-09-27,1604357000.0,-0.0297986312561,1150333000.0,454024000.0,0.0,397811000.0,397811000.0,56213000.0,42844000.0,13866000.0,4045000.0,0.0,0.0,8804000.0,0.0,8804000.0,0.18,0.18,48880000.0,49397000.0,0.0128145433933,0.282994370954,0.0573401057246,0.035037712928,0.00548755669717,0.0681232418969,91994000.0,56213000.0,8804000.0,0.00864271480724,0.00548755669717,78676000.0,9990000.0,88666000.0,193729000.0,326386000.0,671552000.0,166849000.0,296230000.0,0.0,13848000.0,477175000.0,1148727000.0,88428000.0,291000.0,173098000.0,449948000.0,450239000.0,0.0,87000.0,0.0,496533000.0,664004000.0,397079000,86396000.0,484723000.0,9990000.0,371563000.0,0.0,-5627000.0,35781000.0,7678000.0,126467000.0,17173000.0,-20282000.0,-2332000.0,-35181000.0,-367000.0,-1167000.0,-633000.0,-27759000.0,-7000.0,63520000.0,109294000.0,0.0
LANC,2019-06-30,1307787000.0,0.0693926446839,981589000.0,326198000.0,0.0,149811000.0,149811000.0,190924000.0,0.0,195542000.0,44993000.0,0.0,0.0,150549000.0,0.0,150549000.0,5.48,5.46,27438000.0,27537000.0,2.54602897919,0.249427467929,0.170342724006,0.145990134479,0.11511737003,0.0968949836632,222772000.0,190924000.0,150549000.0,0.149521290547,0.11511737003,196288000.0,0.0,196288000.0,0.0,86072000.0,368569000.0,247044000.0,278648000.0,0.0,5200000.0,536830000.0,905399000.0,76670000.0,0.0,119706000.0,0.0,0.0,0.0,1219000.0,0.0,58820000.0,178526000.0,0.0,1359782000.0,726873000.0,0.0,-196288000.0,0.0,0.0,31848000.0,5972000.0,197598000.0,70880000.0,-55364000.0,-7411000.0,-126861000.0,-0.0,-7411000.0,-70110000.0,-80201000.0,0.0,-9464000.0,126718000.0,0.0
LANC,2018-06-30,1222925000.0,0.0175422393293,919412000.0,303513000.0,0.0,131406000.0,131406000.0,172107000.0,0.0,174203000.0,38889000.0,0.0,0.0,135314000.0,0.0,135314000.0,4.93,4.92,27403000.0,27459000.0,2.35008558214,0.248186111168,0.162727068299,0.140733896192,0.110647832042,0.106048204101,199003000.0,172107000.0,135314000.0,0.142447819776,0.110647832042,205752000.0,0.0,205752000.0,0.0,90861000.0,378877000.0,190813000.0,224206000.0,0.0,3600000.0,425614000.0,804491000.0,57978000.0,0.0,93767000.0,0.0,0.0,0.0,1306000.0,0.0,58442000.0,152209000.0,0.0,1279343000.0,652282000.0,0.0,-205752000.0,0.0,0.0,26896000.0,5039000.0,160714000.0,31025000.0,-318000.0,-1102000.0,-31452000.0,-0.0,-1102000.0,-64531000.0,-66614000.0,0.0,62648000.0,129689000.0,0.0
LANC,2017-06-30,1201842000.0,0.00901093014997,883078000.0,318764000.0,0.0,126381000.0,126381000.0,174748000.0,0.0,175516000.0,60202000.0,0.0,0.0,115314000.0,0.0,115314000.0,4.21,4.2,27376000.0,27440000.0,2.14941690962,0.265229539324,0.166123334016,0.145400144112,0.0959477202494,0.0976417865244,199654000.0,174748000.0,115314000.0,0.146039163218,0.0959477202494,143104000.0,0.0,143104000.0,0.0,76376000.0,301146000.0,180671000.0,228192000.0,0.0,18609000.0,415259000.0,716405000.0,41353000.0,0.0,76623000.0,0.0,0.0,0.0,1266000.0,0.0,63805000.0,140428000.0,0.0,1206671000.0,575977000.0,0.0,-143104000.0,0.0,0.0,24906000.0,4248000.0,144355000.0,27005000.0,-35169000.0,-866000.0,-60608000.0,-0.0,-866000.0,-58980000.0,-58723000.0,0.0,25024000.0,117350000.0,0.0
LANC,2016-06-30,1191109000.0,0.078400998086,891480000.0,299629000.0,0.0,115059000.0,115059000.0,184570000.0,0.0,184633000.0,62869000.0,0.0,0.0,121764000.0,0.0,121764000.0,4.45,4.44,27336000.0,27373000.0,6.96109304789,0.251554643614,0.175229135201,0.154956431359,0.102227419993,0.105711567959,208717000.0,184570000.0,121764000.0,0.155009323244,0.102227419993,118080000.0,0.0,118080000.0,0.0,76097000.0,267827000.0,169595000.0,188654000.0,0.0,20933000.0,366905000.0,634732000.0,39931000.0,0.0,73003000.0,0.0,0.0,0.0,1266000.0,0.0,48131000.0,121134000.0,0.0,1150337000.0,513598000.0,0.0,-118080000.0,0.0,0.0,24147000.0,3326000.0,142585000.0,16671000.0,-12000.0,-155000.0,-17423000.0,-0.0,-155000.0,-190546000.0,-189284000.0,0.0,-64122000.0,125914000.0,0.0
LANC,2015-06-30,1104514000.0,0.0609360516774,846822000.0,257692000.0,0.0,102831000.0,102831000.0,154861000.0,0.0,154552000.0,52866000.0,0.0,0.0,101686000.0,0.0,101686000.0,3.72,3.72,27300000.0,27327000.0,1.82156841219,0.233308043176,0.159320751027,0.140207367222,0.0920640209178,0.103641963796,175972000.0,154861000.0,101686000.0,0.139927606169,0.0920640209178,182202000.0,0.0,182202000.0,0.0,77899000.0,342998000.0,172311000.0,191559000.0,0.0,12788000.0,371946000.0,714944000.0,38823000.0,0.0,74644000.0,0.0,0.0,0.0,1182000.0,0.0,59382000.0,134026000.0,0.0,1219119000.0,580918000.0,0.0,-182202000.0,0.0,0.0,21111000.0,3040000.0,132772000.0,18298000.0,-92217000.0,-569000.0,-112325000.0,-0.0,-569000.0,-49778000.0,-49784000.0,0.0,-29337000.0,114474000.0,0.0
LANC,2014-06-30,1041075000.0,-0.107070105814,792507000.0,248568000.0,0.0,94801000.0,94801000.0,153767000.0,0.0,153279000.0,52293000.0,0.0,0.0,74986000.0,0.0,74986000.0,2.75,2.74,27264000.0,27308000.0,1.72066793614,0.238760896189,0.167302067574,0.147700213721,0.0720274716039,0.108666522585,174174000.0,153767000.0,74986000.0,0.147231467474,0.0720274716039,211539000.0,0.0,211539000.0,0.0,74516000.0,367291000.0,168674000.0,95216000.0,0.0,11329000.0,271339000.0,638630000.0,37907000.0,0.0,69072000.0,0.0,0.0,0.0,1219000.0,0.0,40961000.0,110033000.0,0.0,1167211000.0,528597000.0,0.0,-211539000.0,0.0,0.0,20407000.0,2472000.0,129091000.0,15961000.0,-0.0,-3120000.0,8475000.0,-0.0,-3120000.0,-46988000.0,-49412000.0,0.0,88154000.0,113130000.0,0.0
USNA,2019-12-28,1060902000.0,-0.107921980949,187503000.0,873399000.0,10259000.0,267731000.0,727209000.0,146190000.0,66000.0,150496000.0,49970000.0,0.0,0.0,100526000.0,0.0,100526000.0,4.44,4.41,22644000.0,22818000.0,0.0,0.823260772437,0.15948409938,0.137797836181,0.0947552177298,0.103839939976,169197000.0,146190000.0,100526000.0,0.141856646514,0.0947552177298,234830000.0,0.0,234830000.0,12619000.0,68905000.0,329279000.0,95233000.0,46476000.0,0.0,3090000.0,187655000.0,516934000.0,12525000.0,123573000.0,136098000.0,17274000.0,140847000.0,2730000.0,13852000.0,0.0,46398000.0,165222000.0,59445000,306146000.0,351712000.0,0.0,-93983000.0,0.0,-17274000.0,23007000.0,15541000.0,126733000.0,16569000.0,-0.0,-150000000.0,47494000.0,-0.0,-150000000.0,-0.0,-152052000.0,-1721000.0,234830000.0,110164000.0,0.0
USNA,2018-12-29,1189248000.0,0.135575045476,200710000.0,988538000.0,10242000.0,275059000.0,800185000.0,188353000.0,36000.0,191510000.0,65286000.0,0.0,0.0,126224000.0,0.0,126224000.0,5.24,5.12,24105000.0,24642000.0,0.0,0.831229482833,0.1725426488,0.158379917393,0.106137660101,0.118298285976,205196000.0,188353000.0,126224000.0,0.16103453611,0.106137660101,214326000.0,63539000.0,277865000.0,11860000.0,81948000.0,392335000.0,92025000.0,48626000.0,0.0,3348000.0,162128000.0,554463000.0,9947000.0,138739000.0,148686000.0,0.0,138739000.0,2646000.0,15055000.0,0.0,14631000.0,163317000.0,72008000,329501000.0,391146000.0,63539000.0,-75587000.0,0.0,0.0,16843000.0,14955000.0,152119000.0,11433000.0,-0.0,-105375000.0,-69003000.0,-0.0,-105375000.0,-0.0,-105277000.0,-11140000.0,214326000.0,140686000.0,0.0
USNA,2017-12-30,1047265000.0,0.0409330045334,179404000.0,867861000.0,8952000.0,265094000.0,735357000.0,132504000.0,46000.0,134640000.0,72105000.0,0.0,0.0,62535000.0,0.0,62535000.0,2.57,2.53,24349000.0,24708000.0,0.0,0.828692833237,0.141906776222,0.126523850219,0.0597126801717,0.105573087996,148614000.0,132504000.0,62535000.0,0.128563448602,0.0597126801717,247131000.0,0.0,247131000.0,11517000.0,62918000.0,340159000.0,102847000.0,52571000.0,0.0,2859000.0,179110000.0,519269000.0,11787000.0,129396000.0,141183000.0,0.0,129396000.0,16999000.0,12283000.0,0.0,14876000.0,156059000.0,76542000,288070000.0,363210000.0,0.0,-117735000.0,0.0,0.0,16110000.0,15482000.0,123783000.0,13220000.0,-0.0,-50000000.0,-12902000.0,-0.0,-50000000.0,-0.0,-50316000.0,10792000.0,71357000.0,110563000.0,0.0
USNA,2016-12-31,1006083000.0,0.0953555746931,180190000.0,825893000.0,8842000.0,234194000.0,687271000.0,138622000.0,444000.0,138552000.0,38511000.0,0.0,0.0,100041000.0,0.0,100041000.0,4.14,3.99,24185000.0,25047000.0,0.0,0.820899468533,0.151184345626,0.137783860775,0.0994361300211,0.103701185687,152104000.0,138622000.0,100041000.0,0.13771428401,0.0994361300211,175774000.0,0.0,175774000.0,11659000.0,64810000.0,277861000.0,101267000.0,51064000.0,0.0,18292000.0,192781000.0,470642000.0,9040000.0,129451000.0,138491000.0,0.0,129451000.0,21464000.0,5676000.0,0.0,6864000.0,145355000.0,71505000,265405000.0,325287000.0,0.0,-46323000.0,0.0,0.0,13482000.0,16542000.0,137030000.0,32698000.0,-0.0,-64610000.0,-31883000.0,-0.0,-64610000.0,-0.0,-64860000.0,-7723000.0,32564000.0,104332000.0,0.0
USNA,2016-01-02,918499000.0,0.16196419603,159682000.0,758817000.0,6420000.0,208995000.0,617155000.0,141662000.0,15000.0,142589000.0,47917000.0,0.0,0.0,94672000.0,0.0,94672000.0,7.44,7.18,12730000.0,13177000.0,0.0,0.826148966956,0.165095443762,0.154232067754,0.103072512872,0.0955221508134,151640000.0,141662000.0,94672000.0,0.155241323072,0.103072512872,143210000.0,0.0,143210000.0,12516000.0,66119000.0,244264000.0,87982000.0,55701000.0,0.0,9844000.0,178973000.0,423237000.0,10043000.0,121369000.0,131412000.0,0.0,121369000.0,17637000.0,5561000.0,0.0,10973000.0,142385000.0,69740000,214875000.0,280852000.0,0.0,-21841000.0,0.0,0.0,9978000.0,11081000.0,111466000.0,23729000.0,-0.0,-61181000.0,-25124000.0,-0.0,-61181000.0,-0.0,-49157000.0,-5101000.0,32084000.0,87737000.0,0.0
USNA,2015-01-03,790471000.0,0.100666272148,140794000.0,649677000.0,5128000.0,184531000.0,533575000.0,116102000.0,129000.0,115653000.0,39017000.0,0.0,0.0,76636000.0,0.0,76636000.0,5.8,5.6,13221000.0,13689000.0,0.0,0.82188593889,0.158022242435,0.14687698853,0.0969497932245,0.107232270381,124912000.0,116102000.0,76636000.0,0.146308972752,0.0969497932245,111126000.0,0.0,111126000.0,6209000.0,45248000.0,190927000.0,71164000.0,58893000.0,0.0,5933000.0,159657000.0,350584000.0,7779000.0,100926000.0,108705000.0,0.0,100926000.0,15717000.0,4110000.0,0.0,11715000.0,120420000.0,61613000,166406000.0,230164000.0,0.0,-10200000.0,0.0,0.0,8810000.0,9805000.0,105185000.0,20421000.0,-0.0,-138819000.0,-16266000.0,-0.0,-138819000.0,-0.0,-113015000.0,-2121000.0,-26217000.0,84764000.0,0.0
JBSS,2019-06-27,876201000.0,-0.0139478615117,717931000.0,158270000.0,892000.0,37990000.0,99746000.0,58524000.0,3060000.0,52428000.0,12962000.0,0.0,0.0,39466000.0,0.0,39466000.0,3.45,3.43,11430174.0,11501412.0,2.52786353536,0.180632069582,0.0862461923691,0.0667928934114,0.0450421763956,0.0780460191212,75569000.0,58524000.0,39466000.0,0.0598355856704,0.0450421763956,1591000.0,0.0,1591000.0,60971000.0,157024000.0,225340000.0,126183000.0,24276000.0,0.0,5723000.0,165964000.0,391304000.0,42552000.0,7338000.0,83906000.0,20381000.0,27719000.0,35000.0,0.0,0.0,52843000.0,136749000.0,121142000,137712000.0,254555000.0,0.0,26128000.0,0.0,0.0,17045000.0,2644000.0,83459000.0,15075000.0,-0.0,0.0,-14614000.0,24427000.0,-1591000.0,-29074000.0,-68703000.0,0.0,142000.0,68384000.0,0.0
JBSS,2018-06-28,888595000.0,0.0495609087741,749776000.0,138819000.0,701000.0,29788000.0,82710000.0,56109000.0,3463000.0,49270000.0,16850000.0,0.0,0.0,32420000.0,0.0,32420000.0,2.85,2.83,11383080.0,11449386.0,2.47786213165,0.156223026238,0.0805079929552,0.0631435018203,0.0364845627085,0.0595603171299,71539000.0,56109000.0,32420000.0,0.0554470821915,0.0364845627085,1449000.0,0.0,1449000.0,65426000.0,174618000.0,247802000.0,125078000.0,27304000.0,0.0,5024000.0,167971000.0,415773000.0,60340000.0,7169000.0,117193000.0,27356000.0,34525000.0,45000.0,0.0,0.0,55658000.0,172851000.0,118837000,127240000.0,242922000.0,0.0,33076000.0,0.0,0.0,15430000.0,2796000.0,66154000.0,13229000.0,-0.0,0.0,-34968000.0,-7481000.0,-1449000.0,-28370000.0,-31692000.0,0.0,-506000.0,52925000.0,0.0
JBSS,2017-06-29,846635000.0,-0.110732633167,704712000.0,141923000.0,658000.0,34187000.0,83579000.0,58344000.0,2910000.0,54138000.0,18013000.0,0.0,0.0,36125000.0,0.0,36125000.0,3.19,3.17,11317149.0,11403605.0,4.9514166792,0.167631860247,0.0872902726677,0.0689128136682,0.0426689187194,0.0493518458368,73903000.0,58344000.0,36125000.0,0.0639449113254,0.0426689187194,1955000.0,0.0,1955000.0,64830000.0,182420000.0,253377000.0,125462000.0,0.0,0.0,9095000.0,144682000.0,398059000.0,50047000.0,3418000.0,109873000.0,25211000.0,28629000.0,55000.0,0.0,0.0,52718000.0,162591000.0,116656000,123190000.0,235468000.0,0.0,26674000.0,0.0,0.0,15559000.0,2504000.0,52668000.0,10885000.0,-0.0,0.0,-10543000.0,-3482000.0,-1955000.0,-56464000.0,-42390000.0,0.0,-265000.0,41783000.0,0.0
JBSS,2016-06-30,952059000.0,0.0730508484128,814591000.0,137468000.0,653000.0,35042000.0,86156000.0,51312000.0,3492000.0,46462000.0,16067000.0,0.0,0.0,30395000.0,0.0,30395000.0,2.71,2.68,11233975.0,11332924.0,1.98413048565,0.144390211111,0.0713159583597,0.0538958194818,0.0319255424296,0.0779678570341,67897000.0,51312000.0,30395000.0,0.04880159738,0.0319255424296,2220000.0,0.0,2220000.0,78088000.0,156573000.0,242173000.0,129803000.0,1369000.0,0.0,0.0,149233000.0,391406000.0,43719000.0,3407000.0,83259000.0,28883000.0,32290000.0,0.0,0.0,0.0,56954000.0,140213000.0,114019000,143573000.0,251193000.0,0.0,30070000.0,0.0,0.0,16585000.0,2489000.0,89248000.0,15018000.0,-0.0,0.0,-14925000.0,-3376000.0,-2220000.0,-22486000.0,-74049000.0,0.0,274000.0,74230000.0,0.0
JBSS,2015-06-25,887245000.0,0.139506718279,755189000.0,132056000.0,979000.0,30531000.0,80177000.0,51879000.0,3966000.0,44864000.0,15559000.0,0.0,0.0,29305000.0,0.0,29305000.0,2.63,2.61,11150658.0,11248259.0,1.4899194622,0.148838257753,0.0768254540741,0.0584720116766,0.0330292083923,-0.000517331740387,68163000.0,51879000.0,29305000.0,0.0505655145986,0.0330292083923,1946000.0,0.0,1946000.0,75635000.0,197997000.0,284310000.0,131033000.0,3079000.0,0.0,4264000.0,147625000.0,431935000.0,45722000.0,3376000.0,134105000.0,32290000.0,35666000.0,0.0,0.0,0.0,56552000.0,190657000.0,110422000,135664000.0,241278000.0,0.0,33720000.0,0.0,0.0,16284000.0,1952000.0,13933000.0,14392000.0,-0.0,0.0,-14281000.0,-3349000.0,-1946000.0,-16759000.0,410000.0,0.0,62000.0,-459000.0,0.0
JBSS,2014-06-26,778622000.0,0.0603104309483,655757000.0,122865000.0,882000.0,29252000.0,75869000.0,46996000.0,4354000.0,39832000.0,13545000.0,0.0,0.0,26287000.0,0.0,26287000.0,2.38,2.36,11033310.0,11132347.0,1.49106024094,0.157798007249,0.0812640793607,0.0603579143667,0.0337609263545,0.0025968955411,63274000.0,46996000.0,26287000.0,0.0511570441113,0.0337609263545,1884000.0,0.0,1884000.0,55800000.0,182830000.0,249374000.0,130454000.0,5246000.0,0.0,3484000.0,145237000.0,394611000.0,44907000.0,3349000.0,112231000.0,35666000.0,39015000.0,0.0,0.0,0.0,55553000.0,167784000.0,107186000,123118000.0,226827000.0,0.0,37131000.0,0.0,0.0,16278000.0,1105000.0,11950000.0,9928000.0,-0.0,0.0,-2056000.0,-3340000.0,-1884000.0,-16599000.0,-8844000.0,0.0,1050000.0,2022000.0,0.0
JJSF,2019-09-28,1186487000.0,0.0423644757592,836086000.0,350401000.0,645000.0,137149000.0,233445000.0,116956000.0,0.0,126577000.0,31758000.0,0.0,0.0,94819000.0,0.0,94819000.0,5.04,5.0,18812000.0,18959000.0,1.93280236299,0.295326455326,0.140158299248,0.0985733514147,0.0799157512893,0.076166869085,166296000.0,116956000.0,94819000.0,0.106682163395,0.0799157512893,192395000.0,51091000.0,243486000.0,140938000.0,116165000.0,506357000.0,253448000.0,157433000.0,19903000.0,0.0,512982000.0,1019339000.0,72029000.0,339000.0,121234000.0,718000.0,1057000.0,0.0,0.0,0.0,64354000.0,185588000.0,0.0,800995000.0,833751000.0,70994000.0,-191338000.0,0.0,0.0,49340000.0,4230000.0,147499000.0,57128000.0,-1156000.0,13067000.0,-43363000.0,-0.0,14174000.0,-36644000.0,-22826000.0,-394000.0,80916000.0,90371000.0,0.0
JJSF,2018-09-29,1138265000.0,0.0498430213683,801979000.0,336286000.0,623000.0,133162000.0,225511000.0,110775000.0,0.0,118152000.0,14556000.0,0.0,0.0,103596000.0,0.0,103596000.0,5.54,5.51,18694000.0,18817000.0,1.7572407929,0.295437354219,0.139039678809,0.0973191655722,0.0910121983897,0.0556504856075,158264000.0,110775000.0,103596000.0,0.103800081703,0.0910121983897,111479000.0,21048000.0,132527000.0,132342000.0,112884000.0,382797000.0,242673000.0,160273000.0,24743000.0,0.0,549216000.0,932013000.0,69592000.0,324000.0,117899000.0,753000.0,1077000.0,0.0,0.0,0.0,55023000.0,172922000.0,0.0,743745000.0,759091000.0,45791000.0,-110402000.0,0.0,0.0,47489000.0,3858000.0,123367000.0,60022000.0,-0.0,-18604000.0,-73139000.0,-0.0,6100000.0,-33066000.0,-27336000.0,-2375000.0,20517000.0,63345000.0,0.0
JJSF,2017-09-30,1084224000.0,0.0921079271259,753201000.0,331023000.0,674000.0,131237000.0,212916000.0,118107000.0,0.0,122200000.0,43026000.0,0.0,0.0,79174000.0,0.0,79174000.0,4.23,4.21,18707000.0,18816000.0,1.64004039116,0.305308681601,0.149176738386,0.108932287055,0.0730236556284,0.0490387595183,161741000.0,118107000.0,79174000.0,0.112707337229,0.0730236556284,90962000.0,59113000.0,150075000.0,124553000.0,103268000.0,381832000.0,227581000.0,163783000.0,30260000.0,0.0,485396000.0,867228000.0,72729000.0,340000.0,119044000.0,904000.0,1244000.0,0.0,0.0,0.0,65862000.0,184906000.0,0.0,673815000.0,682322000.0,89373000.0,-89718000.0,0.0,0.0,43634000.0,3048000.0,125349000.0,72180000.0,-47698000.0,-35155000.0,-135319000.0,-0.0,-10998000.0,-30859000.0,-42213000.0,2493000.0,-49690000.0,53169000.0,0.0
JJSF,2016-09-24,992781000.0,0.0169269126131,688314000.0,304467000.0,525000.0,118262000.0,191657000.0,112810000.0,123000.0,116819000.0,40844000.0,0.0,0.0,75975000.0,0.0,75975000.0,4.07,4.05,18649000.0,18769000.0,1.51968671746,0.306680929631,0.155063402704,0.113630297115,0.0765274516736,0.0730432995797,153944000.0,112810000.0,75975000.0,0.11766844853,0.0765274516736,140652000.0,13539000.0,154191000.0,98325000.0,88684000.0,355104000.0,184213000.0,128261000.0,29465000.0,0.0,435383000.0,790487000.0,62026000.0,365000.0,102291000.0,1235000.0,1600000.0,0.0,0.0,0.0,50222000.0,152513000.0,0.0,626057000.0,637974000.0,43004000.0,-139052000.0,0.0,0.0,41134000.0,2375000.0,121225000.0,48709000.0,-0.0,-43827000.0,-74602000.0,-0.0,-8695000.0,-28523000.0,-37573000.0,-2087000.0,6963000.0,72516000.0,0.0
JJSF,2015-09-26,976256000.0,0.0617814326158,675366000.0,300890000.0,506000.0,116051000.0,190002000.0,110888000.0,126000.0,111919000.0,41736000.0,0.0,0.0,70183000.0,0.0,70183000.0,3.76,3.73,18685000.0,18819000.0,1.38976566236,0.308208092959,0.152786769044,0.113584961322,0.0718899550937,0.0565189868231,149159000.0,110888000.0,70183000.0,0.114641036777,0.0718899550937,133689000.0,0.0,133689000.0,102649000.0,80622000.0,326783000.0,174089000.0,132261000.0,39638000.0,3266000.0,416152000.0,742935000.0,59206000.0,273000.0,97116000.0,1196000.0,1469000.0,0.0,0.0,0.0,45900000.0,143016000.0,0.0,579163000.0,599919000.0,39638000.0,-132220000.0,0.0,0.0,38271000.0,2166000.0,105273000.0,50096000.0,-615000.0,11969000.0,-29843000.0,-0.0,-3348000.0,-26154000.0,-29745000.0,-3756000.0,41929000.0,55177000.0,0.0
JJSF,2014-09-27,919451000.0,0.0596623421226,631874000.0,287577000.0,499000.0,108416000.0,180729000.0,106848000.0,115000.0,111206000.0,39392000.0,0.0,0.0,71814000.0,0.0,71814000.0,3.85,3.82,18677000.0,18807000.0,1.11256447068,0.312770337952,0.15655102882,0.11620847658,0.0781053041435,0.0736428586189,143941000.0,106848000.0,71814000.0,0.120948261517,0.0781053041435,91760000.0,0.0,91760000.0,99972000.0,76083000.0,275606000.0,157529000.0,137431000.0,128117000.0,4096000.0,429167000.0,704773000.0,59968000.0,146000.0,95957000.0,374000.0,520000.0,0.0,0.0,0.0,46298000.0,142255000.0,0.0,535885000.0,562518000.0,128117000.0,-91240000.0,0.0,0.0,37093000.0,2076000.0,106542000.0,38831000.0,-28360000.0,-27191729.0,-86112000.0,-0.0,-4184729.0,-20924000.0,-25435000.0,-580000.0,-5585000.0,67711000.0,0.0
LNDC,2019-05-26,557559000.0,0.0635831424173,476556000.0,81003000.0,11466000.0,64062000.0,75528000.0,5475000.0,0.0,3640000.0,1518000.0,0.0,0.0,411000.0,0.0,411000.0,0.01,0.01,28359000.0,28607000.0,0.0,0.145281485906,0.037135083462,0.00981958859959,0.000737141719531,-0.051499482566,20705000.0,5475000.0,411000.0,0.00652845707809,0.000737141719531,1080000.0,0.0,1080000.0,69565000.0,54132000.0,133041000.0,200027000.0,0.0,0.0,0.0,386050000.0,519091000.0,53973000.0,9791000.0,137091000.0,87193000.0,96984000.0,499000.0,0.0,0.0,106586000.0,248947000.0,160341000,109710000.0,270144000.0,0.0,95904000.0,0.0,5270000.0,15230000.0,3560000.0,16020000.0,44734000.0,-59872000.0,0.0,-96797000.0,-5092000.0,-753000.0,-0.0,79026000.0,0.0,-1751000.0,-28714000.0,0.0
LNDC,2018-05-27,524227000.0,-0.0150866968401,445889000.0,78338000.0,12800000.0,51951000.0,64751000.0,13587000.0,0.0,16398000.0,-9363000.0,0.0,0.0,24829000.0,0.0,24829000.0,0.9,0.89,27535000.0,27915000.0,0.0,0.149435263731,0.0495949273883,0.0259181614072,0.0473630698152,-0.0263454572161,25999000.0,13587000.0,24829000.0,0.0312803422945,0.0473630698152,2899000.0,0.0,2899000.0,53877000.0,31819000.0,97063000.0,159624000.0,0.0,0.0,0.0,307640000.0,404703000.0,34668000.0,4940000.0,88375000.0,37360000.0,42300000.0,2625000.0,0.0,0.0,54845000.0,152141000.0,142087000,109299000.0,252562000.0,0.0,39401000.0,0.0,8921000.0,12412000.0,4403000.0,19779000.0,33590000.0,-0.0,0.0,-35589000.0,-5076000.0,-2843000.0,-0.0,13292000.0,0.0,-2518000.0,-13811000.0,0.0
LNDC,2017-05-28,532257000.0,-0.0163408174844,449071000.0,83186000.0,9473000.0,55628000.0,67681000.0,15505000.0,0.0,15012000.0,4335000.0,0.0,0.0,10590000.0,0.0,10590000.0,0.39,0.38,27276000.0,27652000.0,0.0,0.156289161063,0.0491905226235,0.0291306643219,0.0198964034292,0.012653661671,26182000.0,15505000.0,10590000.0,0.0282044200452,0.0198964034292,5409000.0,0.0,5409000.0,47083000.0,25290000.0,81280000.0,133220000.0,0.0,0.0,0.0,277328000.0,358608000.0,25868000.0,4940000.0,51454000.0,42299000.0,47239000.0,310000.0,0.0,0.0,66880000.0,131999000.0,141680000,84470000.0,226609000.0,0.0,41830000.0,0.0,13665000.0,10677000.0,3964000.0,29327000.0,22592000.0,-0.0,0.0,-25011000.0,-57236000.0,-4703000.0,-0.0,-8801000.0,0.0,-4485000.0,6735000.0,0.0
LNDC,2016-05-29,541099000.0,0.00341581101404,470142000.0,70957000.0,7228000.0,49515000.0,90743000.0,-19786000.0,1987000.0,-11641000.0,-7404000.0,0.0,0.0,-11448000.0,0.0,-11448000.0,-0.43,-0.43,27044000.0,27044000.0,0.0,0.131134967908,-0.0192035098938,-0.0365663215049,-0.0211569417057,-0.0352671137814,-10391000.0,-19786000.0,-11448000.0,-0.0215136232002,-0.0211569417057,9894000.0,0.0,9894000.0,46406000.0,25535000.0,86478000.0,120880000.0,0.0,0.0,0.0,256992000.0,343470000.0,30904000.0,8048000.0,56516000.0,46614000.0,54662000.0,832000.0,0.0,0.0,69056000.0,132742000.0,137244000,73457000.0,210728000.0,0.0,44768000.0,0.0,7170000.0,9395000.0,3465000.0,21784000.0,40867000.0,-0.0,0.0,-41590000.0,-14652000.0,-9572000.0,-0.0,15573000.0,0.0,-4233000.0,-19083000.0,0.0
LNDC,2015-05-31,539257000.0,0.130961194431,473850000.0,65407000.0,6988000.0,39958000.0,46946000.0,18461000.0,1829000.0,13544000.0,7746000.0,0.0,0.0,13725000.0,0.0,13725000.0,0.5,0.5,26884.0,27336.0,0.0,0.121290961453,0.0473818605971,0.0342341406787,0.0254516863017,0.0160294627608,25551000.0,18461000.0,13725000.0,0.0251160392911,0.0254516863017,14127000.0,0.0,14127000.0,46173000.0,25027000.0,93202000.0,84465000.0,0.0,0.0,2111000.0,253263000.0,346465000.0,34765000.0,8353000.0,56159000.0,34166000.0,42519000.0,843000.0,1229000.0,0.0,70197000.0,128033000.0,133307000,85098000.0,218432000.0,0.0,28392000.0,0.0,1677000.0,7090000.0,1577000.0,26155000.0,17511000.0,-0.0,-18000000.0,-34440000.0,-6867000.0,-14005000.0,-0.0,8169000.0,0.0,-116000.0,8644000.0,0.0
LNDC,2014-05-25,476813000.0,0.0794755811532,414249000.0,62564000.0,7204000.0,35170000.0,42374000.0,20190000.0,1650000.0,19145000.0,10583000.0,0.0,0.0,19342000.0,0.0,19342000.0,0.72,0.71,26628000.0,27120000.0,0.0,0.131212865421,0.057263539375,0.042343644154,0.0405651691544,0.0129170135881,27304000.0,20190000.0,19342000.0,0.0401520092783,0.0405651691544,14243000.0,0.0,14243000.0,44421000.0,24735000.0,90929000.0,74140000.0,0.0,0.0,2056000.0,222694000.0,313623000.0,31981000.0,6055000.0,48391000.0,28317000.0,34372000.0,1254000.0,0.0,0.0,60471000.0,110554000.0,131488000,71554000.0,203069000.0,0.0,20129000.0,0.0,1692000.0,7114000.0,1356000.0,21045000.0,14886000.0,-0.0,-1417000.0,377000.0,-5933000.0,-11945000.0,-0.0,-7179000.0,0.0,14243000.0,6159000.0,0.0
LMNR,2019-10-31,171398000.0,0.324641399777,152372000.0,19026000.0,0.0,21170000.0,21170000.0,-5514000.0,2134000.0,-6563000.0,-1097000.0,0.0,0.0,-5943000.0,501000.0,-5943000.0,-0.37,-0.37,17580000.0,17580000.0,0.303242320819,0.111004795855,0.0183724430857,-0.0321707371148,-0.0346736834736,-0.0846100887992,3149000.0,-5514000.0,-5943000.0,-0.0382909952275,-0.0346736834736,616000.0,17346000.0,17962000.0,18099000.0,7223000.0,35070000.0,248114000.0,14246000.0,17346000.0,979000.0,364797000.0,399867000.0,4974000.0,3023000.0,31664000.0,105892000.0,108915000.0,0.0,652000.0,0.0,135705000.0,178179000.0,175676000,53089000.0,221688000.0,34692000.0,108299000.0,0.0,10810000.0,8663000.0,1791000.0,1365000.0,15867000.0,-15000000.0,4313000.0,-23654000.0,-93994000.0,0.0,-5331000.0,22433000.0,-137000.0,7000.0,-14502000.0,0.0
LMNR,2018-10-31,129392000.0,384.095238095,98083000.0,31309000.0,0.0,16053000.0,16053000.0,9486000.0,1122000.0,13483000.0,-6729000.0,0.0,0.0,20188000.0,501000.0,20188000.0,1.26,1.25,15581000.0,16209000.0,0.248318835215,0.241970137257,0.129768455546,0.0733121058489,0.156022010634,0.0349635217015,16791000.0,9486000.0,20188000.0,0.104202732781,0.156022010634,609000.0,24250000.0,24859000.0,14116000.0,5413000.0,31044000.0,225681000.0,0.0,24250000.0,378000.0,390295000.0,421339000.0,6134000.0,3127000.0,27074000.0,76966000.0,80093000.0,497000.0,785000.0,0.0,105985000.0,202199000.0,159645000,50354000.0,219140000.0,48500000.0,79484000.0,0.0,69140000.0,7305000.0,1368000.0,18397000.0,13873000.0,-25000000.0,-343000.0,-50807000.0,-193723000.0,64097000.0,-4025000.0,32548000.0,-21000.0,0.0,4524000.0,0.0
LMNR,2017-10-31,336000.0,-0.996994337547,91162000.0,-90826000.0,0.0,13947000.0,13947000.0,6148000.0,1778000.0,10626000.0,4077000.0,0.0,0.0,0.0,560000.0,0.0,0.42,0.42,14315000.0,14315000.0,0.220398183723,-270.31547619,18.5654761905,18.2976190476,0.0,16.6101190476,6238000.0,6148000.0,0.0,31.625,0.0,492000.0,22110000.0,22602000.0,10953000.0,4124000.0,23120000.0,188225000.0,0.0,22110000.0,570000.0,315911000.0,339031000.0,6311000.0,3030000.0,23614000.0,102083000.0,105113000.0,636000.0,599000.0,0.0,137418000.0,338887000.0,0.0,34692000.0,144000.0,44220000.0,104621000.0,0.0,177855000.0,90000.0,1328000.0,18482000.0,12901000.0,-5706000.0,-359000.0,-26416000.0,-168932000.0,0.0,-3155000.0,8380000.0,8000.0,0.0,5581000.0,0.0
LMNR,2016-10-31,111789000.0,0.114424140922,83604000.0,28185000.0,0.0,13319000.0,13319000.0,9188000.0,1432000.0,13325000.0,5267000.0,0.0,0.0,8058000.0,628000.0,8058000.0,0.52,0.52,14168000.0,14168000.0,0.200028232637,0.252126774548,0.130388499763,0.0821905554214,0.0720822263371,-0.0174256858904,14576000.0,9188000.0,8058000.0,0.119197774379,0.0720822263371,38000.0,17745000.0,17783000.0,9298000.0,3844000.0,18499000.0,177096000.0,0.0,17745000.0,2810000.0,286949000.0,305448000.0,5555000.0,2508000.0,23751000.0,88164000.0,90672000.0,633000.0,0.0,0.0,119619000.0,178950000.0,91841000,31812000.0,126498000.0,35490000.0,90634000.0,0.0,35580000.0,5388000.0,1309000.0,14304000.0,16252000.0,-0.0,-296000.0,-11522000.0,-156403000.0,0.0,-2834000.0,-2783000.0,0.0,0.0,-1948000.0,0.0
LMNR,2015-10-31,100311000.0,-0.0304556262203,77186000.0,23125000.0,0.0,13772000.0,13772000.0,4583000.0,188000.0,11056000.0,3974000.0,0.0,0.0,7082000.0,635000.0,7082000.0,0.46,0.46,14119000.0,14119000.0,0.179828599759,0.230533042239,0.0878667344558,0.045687910598,0.0706004326544,-0.234859586685,8814000.0,4583000.0,7082000.0,0.110217224432,0.0706004326544,39000.0,360000.0,399000.0,7420000.0,3916000.0,13762000.0,128951000.0,0.0,589000.0,0.0,255764000.0,269526000.0,6611000.0,589000.0,19672000.0,89235000.0,89824000.0,892000.0,180000.0,0.0,116301000.0,148254000.0,90759000,27216000.0,121272000.0,949000.0,89785000.0,0.0,12281000.0,4231000.0,1077000.0,7695000.0,31254000.0,-0.0,-300000.0,-25807000.0,-99014000.0,0.0,-2539000.0,18059000.0,0.0,0.0,-23559000.0,0.0
LMNR,2014-10-31,103462000.0,1,78798000.0,24664000.0,0.0,14336000.0,14771000.0,9893000.0,0.0,10564000.0,3573000.0,0.0,0.0,6991000.0,460000.0,6531000.0,0.46,0.46,14078077.0,14055000.0,0.165,0.2384,0.136,0.1021,0.063,-0.0945,14080000.0,10564000.0,6991000.0,0.1021,0.0676,92000.0,0.0,92000.0,7236000.0,0.0,14820000.0,193961000.0,0.0,29992000.0,1143000.0,232067000.0,246887000.0,12202000.0,583000.0,21133000.0,67771000.0,68354000.0,0.0,21041000.0,0.0,95094000.0,116227000.0,5111000.0,23308000.0,118329000.0,29992000.0,68262000.0,7492000.0,8348000.0,3516000.0,1116000.0,16092000.0,-25866000.0,-999000.0,-1758000.0,-28623000.0,6116000.0,0.0,-2321000.0,12541000.0,0.0,10000.0,-9774000.0,-0.189
FARM,2019-06-30,595942000.0,-0.0174793584637,416840000.0,179102000.0,0.0,48959000.0,193804000.0,-14702000.0,12000000.0,-33484000.0,40111000.0,0.0,0.0,-73595000.0,535000.0,-73595000.0,-4.36,-4.36,16996354.0,16996354.0,0.0,0.300535958197,0.0274573700125,-0.0246701860248,-0.123493561454,0.00115783079561,16363000.0,-14702000.0,-73595000.0,-0.0561866758846,-0.123493561454,6983000.0,1865000.0,8848000.0,55155000.0,87910000.0,159908000.0,189458000.0,65102000.0,674000.0,0.0,264702000.0,424610000.0,72771000.0,34000.0,96106000.0,92000000.0,92034000.0,0.0,0.0,0.0,97818000.0,267116000.0,0.0,146177000.0,157494000.0,2539000.0,85051000.0,0.0,73192000.0,31065000.0,3674000.0,35450000.0,34760000.0,-0.0,0.0,-32361000.0,-1049000.0,-6983000.0,-0.0,1456000.0,0.0,4545000.0,690000.0,0.0
FARM,2018-06-30,606544000.0,0.120118190212,399502000.0,207042000.0,0.0,47863000.0,205918000.0,1124000.0,3177000.0,-968000.0,17312000.0,0.0,0.0,-18280000.0,389000.0,-18280000.0,-1.11,-1.11,16815020.0,16815020.0,0.0,0.3413470416,0.0520786620591,0.00185312194993,-0.0301379619615,-0.043835237015,31588000.0,1124000.0,-18280000.0,-0.00159592708855,-0.0301379619615,2438000.0,0.0,2438000.0,58498000.0,104431000.0,173514000.0,186589000.0,67739000.0,0.0,39308000.0,302017000.0,475531000.0,56603000.0,190000.0,178457000.0,58000.0,248000.0,0.0,0.0,0.0,23562000.0,246476000.0,0.0,220307000.0,229055000.0,0.0,-2190000.0,0.0,44457000.0,30464000.0,3822000.0,8855000.0,35443000.0,-39608000.0,0.0,-74640000.0,-579000.0,-2438000.0,-0.0,61982000.0,0.0,-3803000.0,-26588000.0,0.0
FARM,2017-06-30,541500000.0,-0.00529407658593,327765000.0,213735000.0,0.0,42933000.0,171569000.0,42166000.0,2185000.0,40354000.0,15954000.0,0.0,0.0,24400000.0,0.0,24400000.0,1.46,1.45,16668745.0,16785752.0,0.0,0.394709141274,0.120288088643,0.0778688827331,0.0450600184672,-0.00569344413666,65136000.0,42166000.0,24400000.0,0.0745226223453,0.0450600184672,6241000.0,0.0,6241000.0,46446000.0,56251000.0,117164000.0,176066000.0,29614000.0,0.0,63055000.0,275572000.0,392736000.0,39784000.0,958000.0,97267000.0,237000.0,1195000.0,0.0,0.0,0.0,1954000.0,177601000.0,0.0,221182000.0,215135000.0,0.0,-5046000.0,0.0,78380000.0,22970000.0,3959000.0,42112000.0,45195000.0,-25853000.0,0.0,-106724000.0,-0.0,-6241000.0,-0.0,49758000.0,0.0,-14854000.0,-3083000.0,0.0
FARM,2016-06-30,544382000.0,-0.00274784660421,335907000.0,208475000.0,0.0,41970000.0,200296000.0,8179000.0,425000.0,9921000.0,-79997000.0,0.0,0.0,89918000.0,0.0,89918000.0,5.45,5.41,16502523.0,16627402.0,0.0,0.382957188151,0.0531850795948,0.0150243762652,0.165174454703,-0.00628602709127,28953000.0,8179000.0,89918000.0,0.0182243351176,0.165174454703,21095000.0,3954000.0,25049000.0,44364000.0,46378000.0,153365000.0,118416000.0,6491000.0,0.0,80786000.0,215626000.0,368991000.0,23919000.0,1323000.0,56837000.0,1036000.0,2359000.0,0.0,0.0,0.0,29246000.0,186397000.0,0.0,196782000.0,182594000.0,3954000.0,-18736000.0,0.0,100314000.0,20774000.0,4342000.0,27628000.0,31050000.0,-0.0,0.0,-39530000.0,-8000.0,-21095000.0,-0.0,17837000.0,0.0,5935000.0,-3422000.0,0.0
FARM,2015-06-30,545882000.0,0.0331238881108,348846000.0,197036000.0,0.0,31173000.0,193752000.0,3284000.0,769000.0,1054000.0,402000.0,0.0,0.0,652000.0,0.0,652000.0,0.04,0.04,16127610.0,16267134.0,0.0,0.360949802338,0.0503094075276,0.00601595216549,0.00119439732396,0.0141312591366,27463000.0,3284000.0,652000.0,0.00193082021389,0.00119439732396,15160000.0,0.0,15160000.0,40161000.0,50522000.0,135685000.0,90201000.0,6691000.0,0.0,751000.0,105258000.0,240943000.0,27023000.0,3249000.0,64874000.0,2599000.0,5848000.0,0.0,0.0,0.0,3752000.0,150932000.0,0.0,106864000.0,90011000.0,0.0,-9312000.0,0.0,82306000.0,24179000.0,5691000.0,26930000.0,19216000.0,-1200000.0,0.0,-20143000.0,-571000.0,-15160000.0,-0.0,-3620000.0,0.0,3167000.0,7714000.0,0.0
FARM,2014-06-30,528380000.0,0.0361123530288,332466000.0,195914000.0,0.0,35724000.0,186998000.0,8916000.0,1258000.0,12837000.0,705000.0,0.0,0.0,12132000.0,0.0,12132000.0,0.76,0.76,15909631.0,16014587.0,0.0,0.370782391461,0.0686059275521,0.0168742193119,0.0229607479466,0.0522881259699,36250000.0,8916000.0,12132000.0,0.0,0.0229607479466,11993000.0,5153000.0,17146000.0,42230000.0,71044000.0,157460000.0,95641000.0,5628000.0,0.0,414000.0,108717000.0,266177000.0,44336000.0,3779000.0,76870000.0,5924000.0,9703000.0,0.0,0.0,0.0,6613000.0,151313000.0,0.0,106212000.0,114864000.0,5153000.0,-2290000.0,0.0,67830000.0,27334000.0,4692000.0,52895000.0,25267000.0,-0.0,0.0,-20731000.0,-0.0,-11993000.0,-0.0,-22849000.0,0.0,9315000.0,27628000.0,0.0
SENEA,2019-03-31,1199581000.0,-0.087608051629,1160085000.0,39496000.0,0.0,72549000.0,79180000.0,-38079000.0,15437000.0,-49259000.0,-12776000.0,0.0,0.0,5747000.0,0.0,5747000.0,0.59,0.59,9652.0,9652.0,2.38292581848,0.0329248295863,-0.0057053254428,-0.0317435838013,0.00479083946811,0.0495072862941,-6844000.0,-38079000.0,5747000.0,-0.0410635046737,0.00479083946811,11480000.0,2887000.0,11480000.0,84122000.0,501684000.0,603248000.0,239273000.0,0.0,0.0,2417000.0,245634000.0,848882000.0,61024000.0,6763000.0,112377000.0,265900000.0,272663000.0,4098000.0,396000.0,0.0,301366000.0,431397000.0,23227000,409504000.0,417485000.0,2887000.0,261183000.0,0.0,17654000.0,31235000.0,0.0,97116000.0,37728000.0,-0.0,-7957000.0,67002000.0,-664108000.0,-7957000.0,-23000.0,-167740000.0,0.0,-3622000.0,59388000.0,0.0
SENEA,2018-03-31,1314765000.0,0.0554588213194,1240178000.0,74587000.0,0.0,73514000.0,77185000.0,-5267000.0,15037000.0,-20283000.0,-6472000.0,0.0,0.0,-13811000.0,0.0,-13811000.0,-1.41,-1.41,9769.0,9769.0,2.35438632409,0.056730290204,0.0199883629394,-0.00400603910204,-0.0105045388339,-0.0348746734207,26280000.0,-5267000.0,-13811000.0,-0.0154270915335,-0.0105045388339,15102000.0,1142000.0,15102000.0,78796000.0,680828000.0,778012000.0,277025000.0,0.0,0.0,10289000.0,292419000.0,1070431000.0,69618000.0,9815000.0,194354000.0,414132000.0,423947000.0,60657000.0,855000.0,0.0,455857000.0,673501000.0,29312000,389647000.0,396930000.0,1142000.0,408845000.0,0.0,23290000.0,31547000.0,0.0,-13187000.0,32665000.0,-14420000.0,-4558000.0,-45010000.0,-466048000.0,-4558000.0,-23000.0,61307000.0,0.0,3110000.0,-45852000.0,0.0
SENEA,2017-03-31,1245681000.0,-0.023271076402,1139298000.0,106383000.0,0.0,72996000.0,1216560000.0,29121000.0,9672000.0,20027000.0,7414000.0,0.0,0.0,12613000.0,0.0,12613000.0,1.27,1.27,9785000.0,9854000.0,0.00233407753197,0.0854014791909,0.0433056296114,0.0233775741944,0.0101253852311,-0.00627367680811,53945000.0,29121000.0,12613000.0,0.0160771497679,0.0101253852311,11992000.0,2471000.0,11992000.0,72080000.0,598056000.0,688270000.0,237476000.0,0.0,0.0,0.0,257749000.0,946019000.0,72824000.0,8334000.0,132277000.0,329138000.0,337472000.0,0.0,0.0,0.0,337094000.0,511758000.0,32283000,410129000.0,434261000.0,2471000.0,325480000.0,0.0,42387000.0,24824000.0,0.0,24324000.0,32139000.0,-0.0,-2807000.0,-31712000.0,-491494000.0,-2807000.0,-23000.0,10778000.0,0.0,3390000.0,-7815000.0,0.0
SENEA,2016-03-31,1275360000.0,-0.00854355346523,1127965000.0,147395000.0,0.0,73515000.0,73515000.0,88549000.0,8044000.0,80457000.0,25999000.0,0.0,0.0,54458000.0,0.0,54458000.0,5.46,5.42,9878000.0,9948000.0,0.00231202251709,0.115571289675,0.0864744072262,0.0694305921465,0.0427001003638,0.0229692008531,110286000.0,88549000.0,54458000.0,0.063085716974,0.0427001003638,8602000.0,5025000.0,8602000.0,76788000.0,567707000.0,673887000.0,188837000.0,0.0,0.0,12897000.0,221440000.0,895327000.0,67410000.0,279815000.0,399458000.0,35967000.0,315782000.0,0.0,2974000.0,0.0,47909000.0,490153000.0,33008000,397539000.0,405174000.0,5025000.0,307180000.0,0.0,42786000.0,21737000.0,0.0,39158000.0,9864000.0,-38795000.0,-6252000.0,-47633000.0,-333382000.0,-6252000.0,-23000.0,6469000.0,0.0,-2006000.0,29294000.0,0.0
SENEA,2015-03-31,1286350000.0,-0.0401862994401,1203193000.0,83157000.0,0.0,67381000.0,67381000.0,19148000.0,5656000.0,14120000.0,4221000.0,0.0,0.0,9899000.0,0.0,9899000.0,0.91,0.9,10690000.0,10762000.0,0.00213714922877,0.064645702958,0.0318591363159,0.0148855288219,0.00769541726591,0.0151063085474,40982000.0,19148000.0,9899000.0,0.010976794807,0.00769541726591,10608000.0,6997000.0,10608000.0,69837000.0,472412000.0,587293000.0,185557000.0,0.0,0.0,14829000.0,218401000.0,805694000.0,68105000.0,2530000.0,123748000.0,271634000.0,274164000.0,0.0,1787000.0,0.0,282253000.0,453964000.0,37420000,343104000.0,351730000.0,6997000.0,263556000.0,0.0,47963000.0,21834000.0,0.0,19432000.0,0.0,-0.0,-33506000.0,-42118000.0,-328862000.0,-33506000.0,-23000.0,19455000.0,0.0,-3231000.0,19432000.0,0.0
SENEA,2014-03-31,1340208000.0,0.0500753351297,1249245000.0,90963000.0,0.0,70129000.0,70129000.0,23604000.0,6262000.0,17342000.0,3563000.0,0.0,0.0,13779000.0,0.0,13779000.0,1.24,1.23,10747000.0,10819000.0,0.0021258896386,0.067872300419,0.0349833757148,0.0176121915404,0.0102812399269,0.0433134259757,46885000.0,23604000.0,13779000.0,0.0129397824815,0.0102812399269,13839000.0,8412000.0,13839000.0,76964000.0,451250000.0,584059000.0,183917000.0,0.0,0.0,8412000.0,184794000.0,768853000.0,71219000.0,2277000.0,131288000.0,216239000.0,218516000.0,0.0,913000.0,0.0,243933000.0,375221000.0,68698000,333228000.0,393632000.0,8412000.0,204677000.0,0.0,0.0,23281000.0,0.0,58049000.0,0.0,-0.0,-674000.0,-18450000.0,-445642000.0,-674000.0,-23000.0,-39864000.0,0.0,-265000.0,58049000.0,0.0
CHSCM,2019-08-31,31900453000.0,-0.0239539114522,30516120000.0,1384333000.0,0.0,737636000.0,737636000.0,659602000.0,167065000.0,815601000.0,-12456000.0,0.0,0.0,829880000.0,0.0,829880000.0,0.0,0.0,0.0,0.0,0.0,0.0433954025669,0.0376517850703,0.0206768850587,0.0260146775972,0.0218402854655,1201109000.0,659602000.0,829880000.0,0.0255670663987,0.0260146775972,211179000.0,3683996000.0,3895175000.0,2731209000.0,2854288000.0,6662595000.0,5088708000.0,0.0,189045000.0,100000.0,9784899000.0,16447494000.0,1931415000.0,39210000.0,5583707000.0,1749901000.0,1789111000.0,336645000.0,101128000.0,0.0,2246257000.0,7837354000.0,7252915000,1584158000.0,8610140000.0,3873041000.0,1577932000.0,0.0,7390000.0,541507000.0,0.0,1139931000.0,443216000.0,-119421000.0,-5086000.0,-661283000.0,-0.0,-211179000.0,-168668000.0,-725646000.0,2733000.0,211179000.0,696715000.0,0.0
CHSCM,2018-08-31,32683347000.0,1.06171404094e-05,31589887000.0,1093460000.0,0.0,674083000.0,674083000.0,457086000.0,149202000.0,671230000.0,-104076000.0,0.0,0.0,775907000.0,0.0,775907000.0,0.0,0.0,0.0,0.0,0.0,0.0334561818286,0.0304993855128,0.0139852873697,0.0237401328573,0.0219272524323,996822000.0,457086000.0,775907000.0,0.0205373703005,0.0237401328573,450617000.0,3711925000.0,4162542000.0,2460401000.0,2768649000.0,6693205000.0,5141719000.0,0.0,211986000.0,400000.0,9687973000.0,16381178000.0,1844489000.0,167565000.0,5934171000.0,1762690000.0,1930255000.0,409088000.0,91135000.0,0.0,2281979000.0,8225596000.0,6873494000,1482003000.0,8155582000.0,3923911000.0,1479638000.0,0.0,9446000.0,539736000.0,0.0,1072068000.0,355412000.0,-0.0,-21679000.0,-79524000.0,-0.0,-450617000.0,-168668000.0,-732170000.0,8864000.0,269238000.0,716656000.0,0.0
CHSCM,2017-08-31,31934751000.0,-7.79708783466e-06,30985510000.0,949241000.0,0.0,604359000.0,604359000.0,-111797000.0,171239000.0,-54852000.0,-182075000.0,0.0,0.0,127857000.0,0.0,127857000.0,0.0,0.0,0.0,0.0,0.0,0.0297243902105,0.0136366806179,-0.00350079447934,0.00400369490903,0.0152998531286,435484000.0,-111797000.0,127857000.0,-0.00171762729573,0.00400369490903,181379000.0,3750993000.0,3932372000.0,1869632000.0,2576585000.0,5614527000.0,5356434000.0,0.0,51596000.0,700000.0,10359229000.0,15973756000.0,1951292000.0,156345000.0,5432595000.0,2023448000.0,2179793000.0,413163000.0,37830000.0,0.0,2635336000.0,8080522000.0,6605687000,1471217000.0,7893234000.0,3802589000.0,1998414000.0,0.0,12591000.0,547281000.0,0.0,932994000.0,444397000.0,-3674000.0,-16645000.0,-405041000.0,-0.0,-181379000.0,-167642000.0,-621193000.0,-4694000.0,-97934000.0,488597000.0,0.0
CHSCM,2016-08-31,30347203000.0,6.68929383465e-06,29387910000.0,959293000.0,0.0,649097000.0,649097000.0,310196000.0,0.0,419878000.0,-4091000.0,0.0,0.0,424192000.0,0.0,424192000.0,0.0,0.0,0.0,0.0,0.0,0.0316105902742,0.0273887184924,0.0102215680305,0.0139779603412,0.0188062801043,831171000.0,310196000.0,424192000.0,0.0138358055601,0.0139779603412,279313000.0,3795976000.0,4075289000.0,2880763000.0,2370699000.0,6935180000.0,5488323000.0,0.0,328605000.0,368844000.0,10382529000.0,17317709000.0,1819049000.0,214329000.0,6520795000.0,2088450000.0,2302779000.0,412823000.0,37105000.0,0.0,2930664000.0,9465749000.0,6481306000,1582380000.0,7851960000.0,4124581000.0,2023466000.0,0.0,14290000.0,520975000.0,0.0,1263498000.0,692780000.0,-11890000.0,-2855218000.0,-3746971000.0,-0.0,-279313000.0,-163324000.0,1814196000.0,-5223000.0,-674500000.0,570718000.0,0.0
CHSCM,2015-08-31,34582442000.0,1.27812156613e-05,33091676000.0,1490766000.0,0.0,775354000.0,775354000.0,715412000.0,0.0,768168000.0,-12165000.0,0.0,0.0,781045000.0,0.0,781045000.0,0.0,0.0,0.0,0.0,0.0,0.0431075977804,0.0322934684601,0.0206871452282,0.0225850158297,-0.0178350620815,1116787000.0,715412000.0,781045000.0,0.0222126592448,0.0225850158297,953813000.0,1002092000.0,1955905000.0,2818110000.0,2652344000.0,8008809000.0,5192927000.0,0.0,197067000.0,1600000.0,7219503000.0,15228312000.0,1690094000.0,170309000.0,5256860000.0,1260808000.0,1431117000.0,398341000.0,72181000.0,0.0,2302041000.0,7570427000.0,6267422000,1604670000.0,7657885000.0,1199159000.0,477304000.0,0.0,11526000.0,401375000.0,0.0,570010000.0,1186790000.0,-305213000.0,-64259000.0,-1908668000.0,-170729000.0,-953813000.0,-133710000.0,153828000.0,5436000.0,-1179394000.0,-616780000.0,0.0
CHSCM,2014-08-31,42664033000.0,7.73485842865e-07,41016798000.0,1647235000.0,0.0,602598000.0,602598000.0,1044637000.0,0.0,1083117000.0,48296000.0,0.0,0.0,1081435000.0,0.0,1081435000.0,0.0,0.0,0.0,0.0,0.0,0.0386094535413,0.0318036975079,0.0244851910742,0.0253476974387,0.0113318635395,1356874000.0,1044637000.0,1081435000.0,0.0253871217473,0.0253476974387,2133207000.0,603933000.0,2737140000.0,2988563000.0,2760253000.0,9397650000.0,4031023000.0,0.0,166901000.0,86500000.0,5749329000.0,15146979000.0,2208211000.0,156836000.0,6184009000.0,1299664000.0,1456500000.0,602374000.0,72181000.0,0.0,2347370000.0,8698471000.0,5006605000,1598660000.0,6448508000.0,770834000.0,-676707000.0,0.0,167092000.0,312237000.0,0.0,1427351000.0,943888000.0,-281490000.0,0.0,-1343206000.0,-157770000.0,-2133207000.0,-0.0,240530000.0,-1624000.0,324675000.0,483463000.0,0.0
CHSCN,2019-08-31,31900453000.0,-0.0239539114522,30516120000.0,1384333000.0,0.0,737636000.0,737636000.0,659602000.0,167065000.0,815601000.0,-12456000.0,0.0,0.0,829880000.0,0.0,829880000.0,0.0,0.0,0.0,0.0,0.0,0.0433954025669,0.0376517850703,0.0206768850587,0.0260146775972,0.0218402854655,1201109000.0,659602000.0,829880000.0,0.0255670663987,0.0260146775972,211179000.0,3683996000.0,3895175000.0,2731209000.0,2854288000.0,6662595000.0,5088708000.0,0.0,189045000.0,100000.0,9784899000.0,16447494000.0,1931415000.0,39210000.0,5583707000.0,1749901000.0,1789111000.0,336645000.0,101128000.0,0.0,2246257000.0,7837354000.0,7252915000,1584158000.0,8610140000.0,3873041000.0,1577932000.0,0.0,7390000.0,541507000.0,0.0,1139931000.0,443216000.0,-119421000.0,-5086000.0,-661283000.0,-0.0,-211179000.0,-168668000.0,-725646000.0,2733000.0,211179000.0,696715000.0,0.0
CHSCN,2018-08-31,32683347000.0,1.06171404094e-05,31589887000.0,1093460000.0,0.0,674083000.0,674083000.0,457086000.0,149202000.0,671230000.0,-104076000.0,0.0,0.0,775907000.0,0.0,775907000.0,0.0,0.0,0.0,0.0,0.0,0.0334561818286,0.0304993855128,0.0139852873697,0.0237401328573,0.0219272524323,996822000.0,457086000.0,775907000.0,0.0205373703005,0.0237401328573,450617000.0,3711925000.0,4162542000.0,2460401000.0,2768649000.0,6693205000.0,5141719000.0,0.0,211986000.0,400000.0,9687973000.0,16381178000.0,1844489000.0,167565000.0,5934171000.0,1762690000.0,1930255000.0,409088000.0,91135000.0,0.0,2281979000.0,8225596000.0,6873494000,1482003000.0,8155582000.0,3923911000.0,1479638000.0,0.0,9446000.0,539736000.0,0.0,1072068000.0,355412000.0,-0.0,-21679000.0,-79524000.0,-0.0,-450617000.0,-168668000.0,-732170000.0,8864000.0,269238000.0,716656000.0,0.0
CHSCN,2017-08-31,31934751000.0,-7.79708783466e-06,30985510000.0,949241000.0,0.0,604359000.0,604359000.0,-111797000.0,171239000.0,-54852000.0,-182075000.0,0.0,0.0,127857000.0,0.0,127857000.0,0.0,0.0,0.0,0.0,0.0,0.0297243902105,0.0136366806179,-0.00350079447934,0.00400369490903,0.0152998531286,435484000.0,-111797000.0,127857000.0,-0.00171762729573,0.00400369490903,181379000.0,3750993000.0,3932372000.0,1869632000.0,2576585000.0,5614527000.0,5356434000.0,0.0,51596000.0,700000.0,10359229000.0,15973756000.0,1951292000.0,156345000.0,5432595000.0,2023448000.0,2179793000.0,413163000.0,37830000.0,0.0,2635336000.0,8080522000.0,6605687000,1471217000.0,7893234000.0,3802589000.0,1998414000.0,0.0,12591000.0,547281000.0,0.0,932994000.0,444397000.0,-3674000.0,-16645000.0,-405041000.0,-0.0,-181379000.0,-167642000.0,-621193000.0,-4694000.0,-97934000.0,488597000.0,0.0
CHSCN,2016-08-31,30347203000.0,6.68929383465e-06,29387910000.0,959293000.0,0.0,649097000.0,649097000.0,310196000.0,0.0,419878000.0,-4091000.0,0.0,0.0,424192000.0,0.0,424192000.0,0.0,0.0,0.0,0.0,0.0,0.0316105902742,0.0273887184924,0.0102215680305,0.0139779603412,0.0188062801043,831171000.0,310196000.0,424192000.0,0.0138358055601,0.0139779603412,279313000.0,3795976000.0,4075289000.0,2880763000.0,2370699000.0,6935180000.0,5488323000.0,0.0,328605000.0,368844000.0,10382529000.0,17317709000.0,1819049000.0,214329000.0,6520795000.0,2088450000.0,2302779000.0,412823000.0,37105000.0,0.0,2930664000.0,9465749000.0,6481306000,1582380000.0,7851960000.0,4124581000.0,2023466000.0,0.0,14290000.0,520975000.0,0.0,1263498000.0,692780000.0,-11890000.0,-2855218000.0,-3746971000.0,-0.0,-279313000.0,-163324000.0,1814196000.0,-5223000.0,-674500000.0,570718000.0,0.0
CHSCN,2015-08-31,34582442000.0,1.27812156613e-05,33091676000.0,1490766000.0,0.0,775354000.0,775354000.0,715412000.0,0.0,768168000.0,-12165000.0,0.0,0.0,781045000.0,0.0,781045000.0,0.0,0.0,0.0,0.0,0.0,0.0431075977804,0.0322934684601,0.0206871452282,0.0225850158297,-0.0178350620815,1116787000.0,715412000.0,781045000.0,0.0222126592448,0.0225850158297,953813000.0,1002092000.0,1955905000.0,2818110000.0,2652344000.0,8008809000.0,5192927000.0,0.0,197067000.0,1600000.0,7219503000.0,15228312000.0,1690094000.0,170309000.0,5256860000.0,1260808000.0,1431117000.0,398341000.0,72181000.0,0.0,2302041000.0,7570427000.0,6267422000,1604670000.0,7657885000.0,1199159000.0,477304000.0,0.0,11526000.0,401375000.0,0.0,570010000.0,1186790000.0,-305213000.0,-64259000.0,-1908668000.0,-170729000.0,-953813000.0,-133710000.0,153828000.0,5436000.0,-1179394000.0,-616780000.0,0.0
CHSCN,2014-08-31,42664033000.0,7.73485842865e-07,41016798000.0,1647235000.0,0.0,602598000.0,602598000.0,1044637000.0,0.0,1083117000.0,48296000.0,0.0,0.0,1081435000.0,0.0,1081435000.0,0.0,0.0,0.0,0.0,0.0,0.0386094535413,0.0318036975079,0.0244851910742,0.0253476974387,0.0113318635395,1356874000.0,1044637000.0,1081435000.0,0.0253871217473,0.0253476974387,2133207000.0,603933000.0,2737140000.0,2988563000.0,2760253000.0,9397650000.0,4031023000.0,0.0,166901000.0,86500000.0,5749329000.0,15146979000.0,2208211000.0,156836000.0,6184009000.0,1299664000.0,1456500000.0,602374000.0,72181000.0,0.0,2347370000.0,8698471000.0,5006605000,1598660000.0,6448508000.0,770834000.0,-676707000.0,0.0,167092000.0,312237000.0,0.0,1427351000.0,943888000.0,-281490000.0,0.0,-1343206000.0,-157770000.0,-2133207000.0,-0.0,240530000.0,-1624000.0,324675000.0,483463000.0,0.0
CHSCL,2019-08-31,31900453000.0,-0.0239539114522,30516120000.0,1384333000.0,0.0,737636000.0,737636000.0,659602000.0,167065000.0,815601000.0,-12456000.0,0.0,0.0,829880000.0,0.0,829880000.0,0.0,0.0,0.0,0.0,0.0,0.0433954025669,0.0376517850703,0.0206768850587,0.0260146775972,0.0218402854655,1201109000.0,659602000.0,829880000.0,0.0255670663987,0.0260146775972,211179000.0,3683996000.0,3895175000.0,2731209000.0,2854288000.0,6662595000.0,5088708000.0,0.0,189045000.0,100000.0,9784899000.0,16447494000.0,1931415000.0,39210000.0,5583707000.0,1749901000.0,1789111000.0,336645000.0,101128000.0,0.0,2246257000.0,7837354000.0,7252915000,1584158000.0,8610140000.0,3873041000.0,1577932000.0,0.0,7390000.0,541507000.0,0.0,1139931000.0,443216000.0,-119421000.0,-5086000.0,-661283000.0,-0.0,-211179000.0,-168668000.0,-725646000.0,2733000.0,211179000.0,696715000.0,0.0
CHSCL,2018-08-31,32683347000.0,1.06171404094e-05,31589887000.0,1093460000.0,0.0,674083000.0,674083000.0,457086000.0,149202000.0,671230000.0,-104076000.0,0.0,0.0,775907000.0,0.0,775907000.0,0.0,0.0,0.0,0.0,0.0,0.0334561818286,0.0304993855128,0.0139852873697,0.0237401328573,0.0219272524323,996822000.0,457086000.0,775907000.0,0.0205373703005,0.0237401328573,450617000.0,3711925000.0,4162542000.0,2460401000.0,2768649000.0,6693205000.0,5141719000.0,0.0,211986000.0,400000.0,9687973000.0,16381178000.0,1844489000.0,167565000.0,5934171000.0,1762690000.0,1930255000.0,409088000.0,91135000.0,0.0,2281979000.0,8225596000.0,6873494000,1482003000.0,8155582000.0,3923911000.0,1479638000.0,0.0,9446000.0,539736000.0,0.0,1072068000.0,355412000.0,-0.0,-21679000.0,-79524000.0,-0.0,-450617000.0,-168668000.0,-732170000.0,8864000.0,269238000.0,716656000.0,0.0
CHSCL,2017-08-31,31934751000.0,-7.79708783466e-06,30985510000.0,949241000.0,0.0,604359000.0,604359000.0,-111797000.0,171239000.0,-54852000.0,-182075000.0,0.0,0.0,127857000.0,0.0,127857000.0,0.0,0.0,0.0,0.0,0.0,0.0297243902105,0.0136366806179,-0.00350079447934,0.00400369490903,0.0152998531286,435484000.0,-111797000.0,127857000.0,-0.00171762729573,0.00400369490903,181379000.0,3750993000.0,3932372000.0,1869632000.0,2576585000.0,5614527000.0,5356434000.0,0.0,51596000.0,700000.0,10359229000.0,15973756000.0,1951292000.0,156345000.0,5432595000.0,2023448000.0,2179793000.0,413163000.0,37830000.0,0.0,2635336000.0,8080522000.0,6605687000,1471217000.0,7893234000.0,3802589000.0,1998414000.0,0.0,12591000.0,547281000.0,0.0,932994000.0,444397000.0,-3674000.0,-16645000.0,-405041000.0,-0.0,-181379000.0,-167642000.0,-621193000.0,-4694000.0,-97934000.0,488597000.0,0.0
CHSCL,2016-08-31,30347203000.0,6.68929383465e-06,29387910000.0,959293000.0,0.0,649097000.0,649097000.0,310196000.0,0.0,419878000.0,-4091000.0,0.0,0.0,424192000.0,0.0,424192000.0,0.0,0.0,0.0,0.0,0.0,0.0316105902742,0.0273887184924,0.0102215680305,0.0139779603412,0.0188062801043,831171000.0,310196000.0,424192000.0,0.0138358055601,0.0139779603412,279313000.0,3795976000.0,4075289000.0,2880763000.0,2370699000.0,6935180000.0,5488323000.0,0.0,328605000.0,368844000.0,10382529000.0,17317709000.0,1819049000.0,214329000.0,6520795000.0,2088450000.0,2302779000.0,412823000.0,37105000.0,0.0,2930664000.0,9465749000.0,6481306000,1582380000.0,7851960000.0,4124581000.0,2023466000.0,0.0,14290000.0,520975000.0,0.0,1263498000.0,692780000.0,-11890000.0,-2855218000.0,-3746971000.0,-0.0,-279313000.0,-163324000.0,1814196000.0,-5223000.0,-674500000.0,570718000.0,0.0
CHSCL,2015-08-31,34582442000.0,1.27812156613e-05,33091676000.0,1490766000.0,0.0,775354000.0,775354000.0,715412000.0,0.0,768168000.0,-12165000.0,0.0,0.0,781045000.0,0.0,781045000.0,0.0,0.0,0.0,0.0,0.0,0.0431075977804,0.0322934684601,0.0206871452282,0.0225850158297,-0.0178350620815,1116787000.0,715412000.0,781045000.0,0.0222126592448,0.0225850158297,953813000.0,1002092000.0,1955905000.0,2818110000.0,2652344000.0,8008809000.0,5192927000.0,0.0,197067000.0,1600000.0,7219503000.0,15228312000.0,1690094000.0,170309000.0,5256860000.0,1260808000.0,1431117000.0,398341000.0,72181000.0,0.0,2302041000.0,7570427000.0,6267422000,1604670000.0,7657885000.0,1199159000.0,477304000.0,0.0,11526000.0,401375000.0,0.0,570010000.0,1186790000.0,-305213000.0,-64259000.0,-1908668000.0,-170729000.0,-953813000.0,-133710000.0,153828000.0,5436000.0,-1179394000.0,-616780000.0,0.0
CHSCL,2014-08-31,42664033000.0,7.73485842865e-07,41016798000.0,1647235000.0,0.0,602598000.0,602598000.0,1044637000.0,0.0,1083117000.0,48296000.0,0.0,0.0,1081435000.0,0.0,1081435000.0,0.0,0.0,0.0,0.0,0.0,0.0386094535413,0.0318036975079,0.0244851910742,0.0253476974387,0.0113318635395,1356874000.0,1044637000.0,1081435000.0,0.0253871217473,0.0253476974387,2133207000.0,603933000.0,2737140000.0,2988563000.0,2760253000.0,9397650000.0,4031023000.0,0.0,166901000.0,86500000.0,5749329000.0,15146979000.0,2208211000.0,156836000.0,6184009000.0,1299664000.0,1456500000.0,602374000.0,72181000.0,0.0,2347370000.0,8698471000.0,5006605000,1598660000.0,6448508000.0,770834000.0,-676707000.0,0.0,167092000.0,312237000.0,0.0,1427351000.0,943888000.0,-281490000.0,0.0,-1343206000.0,-157770000.0,-2133207000.0,-0.0,240530000.0,-1624000.0,324675000.0,483463000.0,0.0
ACU,2019-12-31,142457342.0,0.0374009235779,90456484.0,52000858.0,596000.0,43571510.0,44167510.0,8429348.0,0.0,6543164.0,1029556.0,0.0,0.0,5513608.0,0.0,5513608.0,1.65,1.6,3351731.0,3452623.0,0.466009755482,0.36502757436,0.0832675229894,0.0591710324063,0.038703572049,0.0914080791989,11862070.0,8429348.0,5513608.0,0.0459306899044,0.038703572049,6821883.0,0.0,6821883.0,25484865.0,39261105.0,73146101.0,14035544.0,20489108.0,0.0,0.0,37602752.0,110748853.0,6692692.0,1047498.0,16583105.0,33240407.0,34287905.0,0.0,0.0,0.0,33321993.0,55043872.0,0.0,51571420.0,55704981.0,0.0,27466022.0,0.0,5138774.0,3432722.0,968467.0,14702231.0,1680479.0,-0.0,0.0,-1680479.0,-7042708.0,-6821883.0,-1608956.0,-10606113.0,-2799.0,6821883.0,13021752.0,0.0
ACU,2018-12-31,137321395.0,0.051865399456,86672413.0,50648982.0,734000.0,43192076.0,43926076.0,7456906.0,0.0,5531224.0,932874.0,0.0,0.0,4598350.0,0.0,4598350.0,1.36,1.3,3370744.0,3541910.0,0.419217032618,0.368835329702,0.0778182161636,0.0543025797255,0.0334860419966,0.011828280655,10686106.0,7456906.0,4598350.0,0.0402794043856,0.0334860419966,4409042.0,0.0,4409042.0,25101663.0,41332137.0,72992137.0,14542624.0,21740770.0,0.0,113353.0,36485649.0,109477786.0,7982620.0,266667.0,13364687.0,40283115.0,40549782.0,0.0,0.0,0.0,41183405.0,57145375.0,0.0,47549650.0,52332411.0,0.0,36140740.0,0.0,2597283.0,3229200.0,869055.0,4475269.0,3230914.0,-0.0,0.0,-3230914.0,2900566.0,-4409042.0,-1484829.0,-6051953.0,-121629.0,-4929227.0,1244355.0,0.0
ACU,2017-12-31,130550349.0,0.0479711673599,82651076.0,47899273.0,752000.0,40103220.0,40855220.0,7796053.0,0.0,6493297.0,2440818.0,0.0,0.0,4052479.0,0.0,4052479.0,1.21,1.09,3356383.0,3724603.0,0.378141777795,0.36690268059,0.0818911100728,0.0597168300178,0.031041502616,0.0127512642651,10690913.0,7796053.0,4052479.0,0.0497378754614,0.031041502616,9338269.0,0.0,9338269.0,26012368.0,40086871.0,77817645.0,13728139.0,22578375.0,0.0,509646.0,36912161.0,114729806.0,11150960.0,266667.0,16782971.0,43450348.0,43717015.0,0.0,0.0,0.0,44861020.0,64791813.0,0.0,44467077.0,49937993.0,0.0,34378746.0,0.0,3147822.0,2894860.0,684351.0,4810876.0,3146194.0,-0.0,0.0,-14379308.0,-10536639.0,-8689038.0,-1408428.0,12909468.0,86463.0,3427499.0,1664682.0,0.0
ACU,2016-12-31,124574371.0,0.134435527894,79019315.0,45555056.0,750000.0,37113000.0,37863000.0,8442056.0,0.0,7496703.0,1645705.0,0.0,0.0,5850998.0,0.0,5850998.0,1.76,1.64,3327867.0,3577823.0,0.372505012126,0.365685619235,0.0872073598509,0.067767197476,0.0469679112407,0.0565717325597,10863802.0,8442056.0,5850998.0,0.0601785338334,0.0469679112407,5910770.0,0.0,5910770.0,20020984.0,37237861.0,65463194.0,7972900.0,17936421.0,0.0,668641.0,26602898.0,92066092.0,7338798.0,32935858.0,12819748.0,32935858.0,65871716.0,0.0,0.0,0.0,33627706.0,45945746.0,0.0,41861675.0,46120346.0,0.0,59960946.0,0.0,0.0,2421746.0,440536.0,8857211.0,1839194.0,-0.0,0.0,-8810104.0,-7023205.0,-5516232.0,-1332757.0,3470827.0,-33056.0,3484880.0,7018017.0,0.0
ACU,2015-12-31,109811768.0,0.0241504039281,70250550.0,39561218.0,690000.0,32214212.0,32904212.0,7347006.0,0.0,6614397.0,1820872.0,0.0,0.0,4793525.0,0.0,4793525.0,1.44,1.3,3334790.0,3687336.0,0.325125781865,0.360263919984,0.0855997419147,0.0669054522462,0.0436521976406,-0.00616504052644,9399859.0,7347006.0,4793525.0,0.0602339541605,0.0436521976406,2425891.0,0.0,2425891.0,19565088.0,35507591.0,59633487.0,7401478.0,13356991.0,0.0,880917.0,21787879.0,81421366.0,6664160.0,25912652.0,11936753.0,25912652.0,51825304.0,0.0,0.0,0.0,26691013.0,38237805.0,0.0,37340395.0,43183561.0,0.0,49399413.0,0.0,0.0,2052853.0,513986.0,1079738.0,1918609.0,-0.0,0.0,-1913629.0,-1765811.0,-1177109.0,-1198848.0,1136049.0,-161929.0,140231.0,-838871.0,0.0
ACU,2014-12-31,107222306.0,0.196987763916,69036695.0,38185611.0,665000.0,30791150.0,31456150.0,7394461.0,0.0,6802725.0,2013720.0,0.0,0.0,4789005.0,0.0,4789005.0,1.48,1.36,3239753.0,3525504.0,0.301815002905,0.356134953859,0.0848192819132,0.0689638310894,0.0446642604385,0.0243125436978,9094519.0,7394461.0,4789005.0,0.0634450540543,0.0446642604385,2285660.0,0.0,2285660.0,19477128.0,33671198.0,57511406.0,6930541.0,13929611.0,0.0,812649.0,21796680.0,79308086.0,7773021.0,24146841.0,15363180.0,24146841.0,48293682.0,0.0,0.0,0.0,24773526.0,39880030.0,0.0,33784270.0,39428056.0,0.0,46008022.0,0.0,0.0,1700058.0,561856.0,4649020.0,2160643.0,-0.0,0.0,-15193423.0,-1235012.0,-1146949.0,-1064050.0,1309673.0,-123375.0,-9358104.0,2488377.0,0.0
ALCO,2019-09-30,122251000.0,1,61891000.0,60360000.0,0.0,15146000.0,15146000.0,45214000.0,0.0,50233000.0,12783000.0,0.0,0.0,37833000.0,0.0,37833000.0,5.06,5.05,7472000.0,7493000.0,0.244628319765,0.493738292529,0.483742464274,0.369845645434,0.309469861187,0.235842651594,59138000.0,45214000.0,37833000.0,0.410900524331,0.309469861187,18630000.0,0.0,18630000.0,713000.0,40143000.0,61977000.0,345648000.0,0.0,0.0,21469000.0,355411000.0,417388000.0,4163000.0,5338000.0,28951000.0,158111000.0,163449000.0,0.0,5536000.0,0.0,190408000.0,223085000.0,0.0,198049000.0,194303000.0,0.0,144819000.0,0.0,3726000.0,13924000.0,824000.0,48832000.0,20000000.0,-0.0,-25576000.0,-4960000.0,-0.0,-25576000.0,-1833000.0,-52294000.0,0.0,-8422000.0,28832000.0,0.0
ALCO,2018-09-30,0.0,-1.0,0.0,0.0,0.0,0.0,0.0,0.0,0.0,0.0,0.0,0.0,0.0,0.0,0.0,0.0,0.0,0.0,0.0,0.0,0.0,0.0,0.0,0.0,0.0,0.0,0.0,0.0,0.0,0.0,0.0,0.0,0.0,0.0,0.0,0.0,0.0,0.0,0.0,0.0,0.0,0.0,0.0,0.0,0.0,0.0,0.0,0.0,0.0,0.0,0.0,0.0,0.0,0.0,0.0,0.0,0.0,0.0,0.0,0.0,0.0,0.0,0.0,0.0,-0.0,0.0,0.0,-0.0,0.0,-0.0,0.0,0.0,0.0,0.0,0.0
ALCO,2017-09-30,129829000.0,-0.0996352187301,120899000.0,8930000.0,0.0,15024000.0,15024000.0,-6094000.0,9141000.0,-13342000.0,-3846000.0,0.0,0.0,-9496000.0,0.0,-9496000.0,-1.14,-1.14,8300000.0,8300000.0,0.239397590361,0.0687827835075,0.0703386762588,-0.0469386654754,-0.0731423641867,0.114581487957,9132000.0,-6094000.0,-9496000.0,-0.102765945975,-0.0731423641867,3395000.0,0.0,3395000.0,4286000.0,36204000.0,66489000.0,349337000.0,0.0,0.0,0.0,352693000.0,419182000.0,3192000.0,4550000.0,15983000.0,181926000.0,186476000.0,0.0,0.0,0.0,209034000.0,258541000.0,12192000,140033000.0,160641000.0,0.0,183081000.0,0.0,33524000.0,15226000.0,1653000.0,28229000.0,13353000.0,-0.0,-3064000.0,-10085000.0,-0.0,-3064000.0,-1987000.0,-21374000.0,0.0,-3230000.0,14876000.0,0.0
ALCO,2016-09-30,144196000.0,-0.0582749364873,109137000.0,35059000.0,0.0,13213000.0,13213000.0,21846000.0,9893000.0,12480000.0,5521000.0,0.0,0.0,6959000.0,0.0,6959000.0,0.84,0.84,8303000.0,8311000.0,0.239802671159,0.243134344919,0.258176371051,0.151502122112,0.0482607007129,0.111320702377,37228000.0,21846000.0,6959000.0,0.0865488640462,0.0482607007129,6625000.0,0.0,6625000.0,4740000.0,58469000.0,73108000.0,379247000.0,0.0,0.0,1013000.0,385554000.0,458662000.0,5975000.0,4493000.0,18731000.0,192726000.0,197219000.0,0.0,0.0,0.0,223730000.0,285172000.0,13570000,151504000.0,173490000.0,0.0,190594000.0,0.0,42711000.0,15382000.0,925000.0,30357000.0,14305000.0,-0.0,-3141000.0,-13034000.0,-0.0,-3141000.0,-1993000.0,-16172000.0,0.0,1151000.0,16052000.0,0.0
ALCO,2015-09-30,153119000.0,0.472255608011,117166000.0,35953000.0,0.0,16894000.0,16894000.0,19059000.0,8373000.0,26638000.0,10905000.0,0.0,0.0,15733000.0,0.0,15733000.0,1.96,1.96,8056000.0,8061000.0,0.233097630567,0.234804302536,0.220064133125,0.124471816039,0.102750148577,0.143143568075,33696000.0,19059000.0,15733000.0,0.173969265734,0.102750148577,7360000.0,0.0,7360000.0,4252000.0,55142000.0,70680000.0,381667000.0,0.0,0.0,2088000.0,389900000.0,460580000.0,4022000.0,4511000.0,23633000.0,201370000.0,205881000.0,0.0,0.0,0.0,225504000.0,287788000.0,17327000,147049000.0,172792000.0,0.0,198521000.0,0.0,38651000.0,14637000.0,1126000.0,33866000.0,11948000.0,-0.0,-4013000.0,-188399000.0,-34000000.0,-4013000.0,-1879000.0,130873000.0,0.0,-23660000.0,21918000.0,0.0
ALCO,2014-09-30,104003000.0,1,82809000.0,21194000.0,0.0,11811000.0,11827000.0,9367000.0,2368000.0,20878000.0,11383000.0,0.0,0.0,9495000.0,0.0,9495000.0,1.29,1.29,7362090.0,7336000.0,0.36,0.2038,0.316,0.2235,0.091,0.1133,32884000.0,23246000.0,9495000.0,0.2007,0.0913,31020000.0,0.0,31020000.0,8441000.0,25469000.0,125712000.0,126833000.0,0.0,0.0,0.0,131868000.0,257580000.0,2053000.0,3455000.0,20670000.0,62443000.0,65898000.0,0.0,7707000.0,0.0,75059000.0,95729000.0,0.0,134968000.0,161851000.0,0.0,34878000.0,60782000.0,15162000.0,9638000.0,1835000.0,25063000.0,-13280000.0,-32769000.0,0.0,-21988000.0,9033000.0,-4844000.0,-3385000.0,804000.0,0.0,3879000.0,11783000.0,-0.1243
CHSCO,2019-08-31,31900453000.0,-0.0239539114522,30516120000.0,1384333000.0,0.0,737636000.0,737636000.0,659602000.0,167065000.0,815601000.0,-12456000.0,0.0,0.0,829880000.0,0.0,829880000.0,0.0,0.0,0.0,0.0,0.0,0.0433954025669,0.0376517850703,0.0206768850587,0.0260146775972,0.0218402854655,1201109000.0,659602000.0,829880000.0,0.0255670663987,0.0260146775972,211179000.0,3683996000.0,3895175000.0,2731209000.0,2854288000.0,6662595000.0,5088708000.0,0.0,189045000.0,100000.0,9784899000.0,16447494000.0,1931415000.0,39210000.0,5583707000.0,1749901000.0,1789111000.0,336645000.0,101128000.0,0.0,2246257000.0,7837354000.0,7252915000,1584158000.0,8610140000.0,3873041000.0,1577932000.0,0.0,7390000.0,541507000.0,0.0,1139931000.0,443216000.0,-119421000.0,-5086000.0,-661283000.0,-0.0,-211179000.0,-168668000.0,-725646000.0,2733000.0,211179000.0,696715000.0,0.0
CHSCO,2018-08-31,32683347000.0,1.06171404094e-05,31589887000.0,1093460000.0,0.0,674083000.0,674083000.0,457086000.0,149202000.0,671230000.0,-104076000.0,0.0,0.0,775907000.0,0.0,775907000.0,0.0,0.0,0.0,0.0,0.0,0.0334561818286,0.0304993855128,0.0139852873697,0.0237401328573,0.0219272524323,996822000.0,457086000.0,775907000.0,0.0205373703005,0.0237401328573,450617000.0,3711925000.0,4162542000.0,2460401000.0,2768649000.0,6693205000.0,5141719000.0,0.0,211986000.0,400000.0,9687973000.0,16381178000.0,1844489000.0,167565000.0,5934171000.0,1762690000.0,1930255000.0,409088000.0,91135000.0,0.0,2281979000.0,8225596000.0,6873494000,1482003000.0,8155582000.0,3923911000.0,1479638000.0,0.0,9446000.0,539736000.0,0.0,1072068000.0,355412000.0,-0.0,-21679000.0,-79524000.0,-0.0,-450617000.0,-168668000.0,-732170000.0,8864000.0,269238000.0,716656000.0,0.0
CHSCO,2017-08-31,31934751000.0,-7.79708783466e-06,30985510000.0,949241000.0,0.0,604359000.0,604359000.0,-111797000.0,171239000.0,-54852000.0,-182075000.0,0.0,0.0,127857000.0,0.0,127857000.0,0.0,0.0,0.0,0.0,0.0,0.0297243902105,0.0136366806179,-0.00350079447934,0.00400369490903,0.0152998531286,435484000.0,-111797000.0,127857000.0,-0.00171762729573,0.00400369490903,181379000.0,3750993000.0,3932372000.0,1869632000.0,2576585000.0,5614527000.0,5356434000.0,0.0,51596000.0,700000.0,10359229000.0,15973756000.0,1951292000.0,156345000.0,5432595000.0,2023448000.0,2179793000.0,413163000.0,37830000.0,0.0,2635336000.0,8080522000.0,6605687000,1471217000.0,7893234000.0,3802589000.0,1998414000.0,0.0,12591000.0,547281000.0,0.0,932994000.0,444397000.0,-3674000.0,-16645000.0,-405041000.0,-0.0,-181379000.0,-167642000.0,-621193000.0,-4694000.0,-97934000.0,488597000.0,0.0
CHSCO,2016-08-31,30347203000.0,6.68929383465e-06,29387910000.0,959293000.0,0.0,649097000.0,649097000.0,310196000.0,0.0,419878000.0,-4091000.0,0.0,0.0,424192000.0,0.0,424192000.0,0.0,0.0,0.0,0.0,0.0,0.0316105902742,0.0273887184924,0.0102215680305,0.0139779603412,0.0188062801043,831171000.0,310196000.0,424192000.0,0.0138358055601,0.0139779603412,279313000.0,3795976000.0,4075289000.0,2880763000.0,2370699000.0,6935180000.0,5488323000.0,0.0,328605000.0,368844000.0,10382529000.0,17317709000.0,1819049000.0,214329000.0,6520795000.0,2088450000.0,2302779000.0,412823000.0,37105000.0,0.0,2930664000.0,9465749000.0,6481306000,1582380000.0,7851960000.0,4124581000.0,2023466000.0,0.0,14290000.0,520975000.0,0.0,1263498000.0,692780000.0,-11890000.0,-2855218000.0,-3746971000.0,-0.0,-279313000.0,-163324000.0,1814196000.0,-5223000.0,-674500000.0,570718000.0,0.0
CHSCO,2015-08-31,34582442000.0,1.27812156613e-05,33091676000.0,1490766000.0,0.0,775354000.0,775354000.0,715412000.0,0.0,768168000.0,-12165000.0,0.0,0.0,781045000.0,0.0,781045000.0,0.0,0.0,0.0,0.0,0.0,0.0431075977804,0.0322934684601,0.0206871452282,0.0225850158297,-0.0178350620815,1116787000.0,715412000.0,781045000.0,0.0222126592448,0.0225850158297,953813000.0,1002092000.0,1955905000.0,2818110000.0,2652344000.0,8008809000.0,5192927000.0,0.0,197067000.0,1600000.0,7219503000.0,15228312000.0,1690094000.0,170309000.0,5256860000.0,1260808000.0,1431117000.0,398341000.0,72181000.0,0.0,2302041000.0,7570427000.0,6267422000,1604670000.0,7657885000.0,1199159000.0,477304000.0,0.0,11526000.0,401375000.0,0.0,570010000.0,1186790000.0,-305213000.0,-64259000.0,-1908668000.0,-170729000.0,-953813000.0,-133710000.0,153828000.0,5436000.0,-1179394000.0,-616780000.0,0.0
CHSCO,2014-08-31,42664033000.0,7.73485842865e-07,41016798000.0,1647235000.0,0.0,602598000.0,602598000.0,1044637000.0,0.0,1083117000.0,48296000.0,0.0,0.0,1081435000.0,0.0,1081435000.0,0.0,0.0,0.0,0.0,0.0,0.0386094535413,0.0318036975079,0.0244851910742,0.0253476974387,0.0113318635395,1356874000.0,1044637000.0,1081435000.0,0.0253871217473,0.0253476974387,2133207000.0,603933000.0,2737140000.0,2988563000.0,2760253000.0,9397650000.0,4031023000.0,0.0,166901000.0,86500000.0,5749329000.0,15146979000.0,2208211000.0,156836000.0,6184009000.0,1299664000.0,1456500000.0,602374000.0,72181000.0,0.0,2347370000.0,8698471000.0,5006605000,1598660000.0,6448508000.0,770834000.0,-676707000.0,0.0,167092000.0,312237000.0,0.0,1427351000.0,943888000.0,-281490000.0,0.0,-1343206000.0,-157770000.0,-2133207000.0,-0.0,240530000.0,-1624000.0,324675000.0,483463000.0,0.0
CHSCP,2019-08-31,31900453000.0,-0.0239539114522,30516120000.0,1384333000.0,0.0,737636000.0,737636000.0,659602000.0,167065000.0,815601000.0,-12456000.0,0.0,0.0,829880000.0,0.0,829880000.0,0.0,0.0,0.0,0.0,0.0,0.0433954025669,0.0376517850703,0.0206768850587,0.0260146775972,0.0218402854655,1201109000.0,659602000.0,829880000.0,0.0255670663987,0.0260146775972,211179000.0,3683996000.0,3895175000.0,2731209000.0,2854288000.0,6662595000.0,5088708000.0,0.0,0.0,0.0,9784899000.0,16447494000.0,1931415000.0,39210000.0,5583707000.0,1749901000.0,1789111000.0,336645000.0,0.0,0.0,2246257000.0,7837354000.0,7252915000,1584158000.0,8610140000.0,3683996000.0,1577932000.0,0.0,7390000.0,541507000.0,0.0,1139931000.0,443216000.0,-119421000.0,-5086000.0,-661283000.0,-0.0,-211179000.0,-168668000.0,-725646000.0,2733000.0,211179000.0,696715000.0,0.0
CHSCP,2018-08-31,32683347000.0,1.06171404094e-05,31589887000.0,1093460000.0,0.0,674083000.0,674083000.0,457086000.0,149202000.0,671230000.0,-104076000.0,0.0,0.0,775907000.0,0.0,775907000.0,0.0,0.0,0.0,0.0,0.0,0.0334561818286,0.0304993855128,0.0139852873697,0.0237401328573,0.0219272524323,996822000.0,457086000.0,775907000.0,0.0205373703005,0.0237401328573,450617000.0,3711925000.0,4162542000.0,2460401000.0,2768649000.0,6693205000.0,5141719000.0,0.0,0.0,0.0,9687973000.0,16381178000.0,1844489000.0,167565000.0,5934171000.0,1762690000.0,1930255000.0,409088000.0,0.0,0.0,2281979000.0,8225596000.0,6873494000,1482003000.0,8155582000.0,3711925000.0,1479638000.0,0.0,9446000.0,539736000.0,0.0,1072068000.0,355412000.0,-0.0,-21679000.0,-79524000.0,-0.0,-450617000.0,-168668000.0,-732170000.0,8864000.0,269238000.0,716656000.0,0.0
CHSCP,2017-08-31,31934751000.0,-7.79708783466e-06,30985510000.0,949241000.0,0.0,604359000.0,604359000.0,-111797000.0,171239000.0,-54852000.0,-182075000.0,0.0,0.0,127857000.0,0.0,127857000.0,0.0,0.0,0.0,0.0,0.0,0.0297243902105,0.0136366806179,-0.00350079447934,0.00400369490903,0.0152998531286,435484000.0,-111797000.0,127857000.0,-0.00171762729573,0.00400369490903,181379000.0,3750993000.0,3932372000.0,1869632000.0,2576585000.0,5614527000.0,5356434000.0,0.0,0.0,0.0,10359229000.0,15973756000.0,1951292000.0,156345000.0,5432595000.0,2023448000.0,2179793000.0,413163000.0,0.0,0.0,2635336000.0,8080522000.0,6605687000,1471217000.0,7893234000.0,3750993000.0,1998414000.0,0.0,12591000.0,547281000.0,0.0,932994000.0,444397000.0,-3674000.0,-16645000.0,-405041000.0,-0.0,-181379000.0,-167642000.0,-621193000.0,-4694000.0,-97934000.0,488597000.0,0.0
CHSCP,2016-08-31,30347203000.0,6.68929383465e-06,29387910000.0,959293000.0,0.0,649097000.0,649097000.0,310196000.0,0.0,419878000.0,-4091000.0,0.0,0.0,424192000.0,0.0,424192000.0,0.0,0.0,0.0,0.0,0.0,0.0316105902742,0.0273887184924,0.0102215680305,0.0139779603412,0.0188062801043,831171000.0,310196000.0,424192000.0,0.0138358055601,0.0139779603412,279313000.0,3795976000.0,4075289000.0,2880763000.0,2370699000.0,6935180000.0,5488323000.0,0.0,0.0,0.0,10382529000.0,17317709000.0,1819049000.0,214329000.0,6520795000.0,2088450000.0,2302779000.0,412823000.0,0.0,0.0,2930664000.0,9465749000.0,6481306000,1582380000.0,7851960000.0,3795976000.0,2023466000.0,0.0,14290000.0,520975000.0,0.0,1263498000.0,692780000.0,-11890000.0,-2855218000.0,-3746971000.0,-0.0,-279313000.0,-163324000.0,1814196000.0,-5223000.0,-674500000.0,570718000.0,0.0
CHSCP,2015-08-31,34582442000.0,1.27812156613e-05,33091676000.0,1490766000.0,0.0,775354000.0,775354000.0,715412000.0,0.0,768168000.0,-12165000.0,0.0,0.0,781045000.0,0.0,781045000.0,0.0,0.0,0.0,0.0,0.0,0.0431075977804,0.0322934684601,0.0206871452282,0.0225850158297,-0.0178350620815,1116787000.0,715412000.0,781045000.0,0.0222126592448,0.0225850158297,953813000.0,1002092000.0,1955905000.0,2818110000.0,2652344000.0,8008809000.0,5192927000.0,0.0,0.0,0.0,7219503000.0,15228312000.0,1690094000.0,170309000.0,5256860000.0,1260808000.0,1431117000.0,398341000.0,0.0,0.0,2302041000.0,7570427000.0,6267422000,1604670000.0,7657885000.0,1002092000.0,477304000.0,0.0,11526000.0,401375000.0,0.0,570010000.0,1186790000.0,-305213000.0,-64259000.0,-1908668000.0,-170729000.0,-953813000.0,-133710000.0,153828000.0,5436000.0,-1179394000.0,-616780000.0,0.0
CHSCP,2014-08-31,42664033000.0,7.73485842865e-07,41016798000.0,1647235000.0,0.0,602598000.0,602598000.0,1044637000.0,0.0,1083117000.0,48296000.0,0.0,0.0,1081435000.0,0.0,1081435000.0,0.0,0.0,0.0,0.0,0.0,0.0386094535413,0.0318036975079,0.0244851910742,0.0253476974387,0.0113318635395,1356874000.0,1044637000.0,1081435000.0,0.0253871217473,0.0253476974387,2133207000.0,603933000.0,2737140000.0,2988563000.0,2760253000.0,9397650000.0,4031023000.0,0.0,0.0,0.0,5749329000.0,15146979000.0,2208211000.0,156836000.0,6184009000.0,1299664000.0,1456500000.0,602374000.0,0.0,0.0,2347370000.0,8698471000.0,5006605000,1598660000.0,6448508000.0,603933000.0,-676707000.0,0.0,167092000.0,312237000.0,0.0,1427351000.0,943888000.0,-281490000.0,0.0,-1343206000.0,-157770000.0,-2133207000.0,-0.0,240530000.0,-1624000.0,324675000.0,483463000.0,0.0
MTEX,2019-12-31,157728000.0,-0.0912087025663,31550000.0,126178000.0,1100000.0,30824000.0,119745000.0,6433000.0,0.0,5736000.0,2447000.0,0.0,0.0,3289000.0,0.0,3289000.0,1.38,1.35,2391000.0,2441000.0,0.49160180254,0.799972103875,0.0540233820248,0.0407854027186,0.0208523534185,0.0234390850071,8521000.0,6433000.0,3289000.0,0.0363664029215,0.0208523534185,24762000.0,0.0,24762000.0,955000.0,10152000.0,41029000.0,6100000.0,0.0,8962000.0,881000.0,21894000.0,62923000.0,3526000.0,739000.0,28892000.0,363000.0,1102000.0,4416000.0,2187000.0,0.0,6580000.0,35648000.0,24208000,-690000.0,27275000.0,8962000.0,-23660000.0,0.0,176000.0,2088000.0,734000.0,4917000.0,1220000.0,-0.0,-294000.0,-1220000.0,-0.0,-294000.0,-1200000.0,-2714000.0,-567000.0,24762000.0,3697000.0,0.0
MTEX,2018-12-31,173558000.0,-0.0177593154344,34476000.0,139082000.0,1000000.0,34156000.0,139172000.0,-90000.0,0.0,489000.0,4375000.0,0.0,0.0,-3886000.0,0.0,-3886000.0,-1.53,-1.53,2541000.0,2541000.0,1.21448248721,0.801357471278,0.0113737194483,-0.000518558637458,-0.0223902096129,-0.0147501123544,1974000.0,-90000.0,-3886000.0,0.00281750193019,-0.0223902096129,21845000.0,0.0,21845000.0,106000.0,12800000.0,42387000.0,6800000.0,0.0,11391000.0,1928000.0,19811000.0,62198000.0,6724000.0,700000.0,33614000.0,883000.0,1583000.0,5274000.0,2655000.0,0.0,3186000.0,36874000.0,23769000,-2782000.0,25324000.0,11391000.0,-20262000.0,0.0,74000.0,2064000.0,1145000.0,-222000.0,2338000.0,-0.0,-7543000.0,-2276000.0,-0.0,-7543000.0,-3086000.0,-12055000.0,-1624000.0,21845000.0,-2560000.0,0.0
MTEX,2017-12-31,176696000.0,-0.0200106486822,35667000.0,141029000.0,1200000.0,35470000.0,138510000.0,2519000.0,0.0,2460000.0,4247000.0,0.0,0.0,-1787000.0,0.0,-1787000.0,-0.66,-0.66,2708000.0,2708000.0,0.5,0.798144836329,0.0248053153439,0.0142561235116,-0.0101134151311,0.0489994114185,4383000.0,2519000.0,-1787000.0,0.0139222166885,-0.0101134151311,37682000.0,0.0,37682000.0,273000.0,9400000.0,56248000.0,4314000.0,0.0,23695000.0,4239000.0,19994000.0,76242000.0,6008000.0,815000.0,33445000.0,0.0,815000.0,8561000.0,2404000.0,0.0,2412000.0,36001000.0,30067000,4190000.0,40241000.0,23695000.0,-36867000.0,0.0,144000.0,1864000.0,490000.0,9998000.0,1340000.0,-0.0,-226000.0,-1339000.0,-0.0,-226000.0,-1354000.0,-3064000.0,3400000.0,8995000.0,8658000.0,0.0
MTEX,2016-12-31,180304000.0,0.000205251099758,36564000.0,143740000.0,1400000.0,37180000.0,143042000.0,698000.0,0.0,-955000.0,-369000.0,0.0,0.0,-586000.0,0.0,-586000.0,-0.22,-0.22,2688000.0,2688000.0,0.25,0.797209157867,0.0143979057592,0.00387123968409,-0.00325006655426,-0.012806149614,2596000.0,698000.0,-586000.0,-0.00529661016949,-0.00325006655426,28687000.0,0.0,28687000.0,298000.0,11961000.0,50762000.0,4623000.0,0.0,19357000.0,5361000.0,20426000.0,71188000.0,5223000.0,801000.0,29981000.0,567000.0,1368000.0,8156000.0,1040000.0,0.0,2061000.0,32303000.0,29720000,7331000.0,38885000.0,19357000.0,-27319000.0,0.0,261000.0,1898000.0,690000.0,-23000.0,2286000.0,-0.0,-274000.0,-2285000.0,-0.0,-274000.0,-672000.0,-2458000.0,1459000.0,-3307000.0,-2309000.0,0.0
MTEX,2015-12-31,180267000.0,-0.0516306206302,34102000.0,146165000.0,1700000.0,34458000.0,134021000.0,12144000.0,0.0,8199000.0,2360000.0,0.0,0.0,5839000.0,0.0,5839000.0,2.18,2.14,2680000.0,2728000.0,0.0,0.810825053948,0.0773130966844,0.0673667393367,0.0323908424726,0.0133524161383,13937000.0,12144000.0,5839000.0,0.0454825342409,0.0323908424726,31994000.0,5418000.0,31994000.0,369000.0,9199000.0,49885000.0,4687000.0,0.0,14134000.0,3725000.0,18757000.0,68642000.0,2683000.0,713000.0,26379000.0,1069000.0,1782000.0,8677000.0,736000.0,0.0,3087000.0,30078000.0,29289000,8589000.0,38564000.0,19552000.0,-30212000.0,0.0,612000.0,1793000.0,592000.0,4386000.0,1979000.0,-0.0,0.0,-1979000.0,-0.0,-31994000.0,-0.0,142000.0,1446000.0,3995000.0,2407000.0,0.0
MTEX,2014-12-31,190081000.0,0.0713436251219,38350000.0,151731000.0,1600000.0,36193000.0,138989000.0,12742000.0,0.0,9821000.0,3325000.0,0.0,0.0,6496000.0,0.0,6496000.0,2.44,2.4,2663000.0,2706000.0,0.0,0.798243906545,0.0754941314492,0.0670345799948,0.0341749043829,0.041487576349,14350000.0,12742000.0,6496000.0,0.0516674470357,0.0341749043829,27999000.0,7200000.0,27999000.0,504000.0,10591000.0,49363000.0,4103000.0,0.0,0.0,3320000.0,18035000.0,67398000.0,4252000.0,901000.0,33008000.0,852000.0,1753000.0,10890000.0,2578000.0,0.0,3014000.0,36022000.0,28735000,2750000.0,31376000.0,7200000.0,-26246000.0,0.0,0.0,1608000.0,678000.0,9420000.0,1534000.0,-0.0,0.0,-1525000.0,-0.0,-27999000.0,-0.0,-1424000.0,1133000.0,7604000.0,7886000.0,0.0
SENEB,2019-03-31,1199581000.0,-0.087608051629,1160085000.0,39496000.0,0.0,72549000.0,79180000.0,-38079000.0,15437000.0,-49259000.0,-12776000.0,0.0,0.0,5747000.0,0.0,5747000.0,0.59,0.59,9652.0,9652.0,2.38292581848,0.0329248295863,-0.0057053254428,-0.0317435838013,0.00479083946811,0.0495072862941,-6844000.0,-38079000.0,5747000.0,-0.0410635046737,0.00479083946811,11480000.0,2887000.0,11480000.0,84122000.0,501684000.0,603248000.0,239273000.0,0.0,0.0,2417000.0,245634000.0,848882000.0,61024000.0,6763000.0,112377000.0,265900000.0,272663000.0,4098000.0,396000.0,0.0,301366000.0,431397000.0,23227000,409504000.0,417485000.0,2887000.0,261183000.0,0.0,17654000.0,31235000.0,0.0,97116000.0,37728000.0,-0.0,-7957000.0,67002000.0,-664108000.0,-7957000.0,-23000.0,-167740000.0,0.0,-3622000.0,59388000.0,0.0
SENEB,2018-03-31,1314765000.0,-0.000178707224335,1240178000.0,74587000.0,0.0,73514000.0,77185000.0,-5267000.0,15037000.0,-20283000.0,-6472000.0,0.0,0.0,-13811000.0,0.0,-13811000.0,-1.41,-1.41,9769.0,9769.0,2.35438632409,0.056730290204,0.0199883629394,-0.00400603910204,-0.0105045388339,-0.0348746734207,26280000.0,-5267000.0,-13811000.0,-0.0154270915335,-0.0105045388339,15102000.0,1142000.0,15102000.0,78796000.0,680828000.0,778012000.0,277025000.0,0.0,0.0,10289000.0,292419000.0,1070431000.0,69618000.0,9815000.0,194354000.0,414132000.0,423947000.0,60657000.0,855000.0,0.0,455857000.0,673501000.0,29312000,389647000.0,396930000.0,1142000.0,408845000.0,0.0,23290000.0,31547000.0,0.0,-13187000.0,32665000.0,-14420000.0,-4558000.0,-45010000.0,-466048000.0,-4558000.0,-23000.0,61307000.0,0.0,3110000.0,-45852000.0,0.0
SENEB,2017-03-31,1245681000.0,-0.000256019261637,1139298000.0,106383000.0,0.0,72996000.0,1216560000.0,29121000.0,9672000.0,20027000.0,7414000.0,0.0,0.0,12613000.0,0.0,12613000.0,1.27,1.27,9785000.0,9854000.0,0.00233407753197,0.0854014791909,0.0433056296114,0.0233775741944,0.0101253852311,-0.00627367680811,53945000.0,29121000.0,12613000.0,0.0160771497679,0.0101253852311,11992000.0,2471000.0,11992000.0,72080000.0,598056000.0,688270000.0,237476000.0,0.0,0.0,0.0,257749000.0,946019000.0,72824000.0,8334000.0,132277000.0,329138000.0,337472000.0,0.0,0.0,0.0,337094000.0,511758000.0,32283000,410129000.0,434261000.0,2471000.0,325480000.0,0.0,42387000.0,24824000.0,0.0,24324000.0,32139000.0,-0.0,-2807000.0,-31712000.0,-491494000.0,-2807000.0,-23000.0,10778000.0,0.0,3390000.0,-7815000.0,0.0
SENEB,2016-03-31,1275360000.0,0.000282352941176,1127965000.0,147395000.0,0.0,73515000.0,73515000.0,88549000.0,8044000.0,80457000.0,25999000.0,0.0,0.0,54458000.0,0.0,54458000.0,5.46,5.42,9878000.0,9948000.0,0.00231202251709,0.115571289675,0.0864744072262,0.0694305921465,0.0427001003638,0.0229692008531,110286000.0,88549000.0,54458000.0,0.063085716974,0.0427001003638,8602000.0,5025000.0,8602000.0,76788000.0,567707000.0,673887000.0,188837000.0,0.0,0.0,12897000.0,221440000.0,895327000.0,67410000.0,279815000.0,399458000.0,35967000.0,315782000.0,0.0,2974000.0,0.0,47909000.0,490153000.0,33008000,397539000.0,405174000.0,5025000.0,307180000.0,0.0,42786000.0,21737000.0,0.0,39158000.0,9864000.0,-38795000.0,-6252000.0,-47633000.0,-333382000.0,-6252000.0,-23000.0,6469000.0,0.0,-2006000.0,29294000.0,0.0
SENEB,2015-03-31,1286350000.0,0.000272161741835,1203193000.0,83157000.0,0.0,67381000.0,67381000.0,19148000.0,5656000.0,14120000.0,4221000.0,0.0,0.0,9899000.0,0.0,9899000.0,0.91,0.9,10690000.0,10762000.0,0.00213714922877,0.064645702958,0.0318591363159,0.0148855288219,0.00769541726591,0.0151063085474,40982000.0,19148000.0,9899000.0,0.010976794807,0.00769541726591,10608000.0,6997000.0,10608000.0,69837000.0,472412000.0,587293000.0,185557000.0,0.0,0.0,14829000.0,218401000.0,805694000.0,68105000.0,2530000.0,123748000.0,271634000.0,274164000.0,0.0,1787000.0,0.0,282253000.0,453964000.0,37420000,343104000.0,351730000.0,6997000.0,263556000.0,0.0,47963000.0,21834000.0,0.0,19432000.0,0.0,-0.0,-33506000.0,-42118000.0,-328862000.0,-33506000.0,-23000.0,19455000.0,0.0,-3231000.0,19432000.0,0.0
SENEB,2014-03-31,1340208000.0,0.000155223880597,1249245000.0,90963000.0,0.0,70129000.0,70129000.0,23604000.0,6262000.0,17342000.0,3563000.0,0.0,0.0,13779000.0,0.0,13779000.0,1.24,1.23,10747000.0,10819000.0,0.0021258896386,0.067872300419,0.0349833757148,0.0176121915404,0.0102812399269,0.0433134259757,46885000.0,23604000.0,13779000.0,0.0129397824815,0.0102812399269,13839000.0,8412000.0,13839000.0,76964000.0,451250000.0,584059000.0,183917000.0,0.0,0.0,8412000.0,184794000.0,768853000.0,71219000.0,2277000.0,131288000.0,216239000.0,218516000.0,0.0,913000.0,0.0,243933000.0,375221000.0,68698000,333228000.0,393632000.0,8412000.0,204677000.0,0.0,0.0,23281000.0,0.0,58049000.0,0.0,-0.0,-674000.0,-18450000.0,-445642000.0,-674000.0,-23000.0,-39864000.0,0.0,-265000.0,58049000.0,0.0
